%% This BibTeX bibliography file was created using BibDesk.
%% http://bibdesk.sourceforge.net/


%% Created for Anke Giebler-Schubert at 2013-11-11 19:00:51 +0100 


%% Saved with string encoding Unicode (UTF-8) 

@article{
title={Usability Evaluation with the Cognitive Walkthrough},
author={John Rieman, Marita Franzke,  David Redmiles},
journal={CHI ’95 MOSAIC OF CREATIVITY},
year={1995}
}

@comment{jabref-meta: groupsversion:3;}
@comment{jabref-meta: groupstree: 0 AllEntriesGroup:; 1 SearchGroup:Latoschik\;0\;author=Latoschik or (editor=Latoschik and  author!=Latoschik)\;0\;0\;; }


@string{inst-ahig = {Advanced Human Interface Group}}

@string{inst-bcs = {British Computer Society}}

@string{inst-ieee = {IEEE}}

@string{inst-media = {Media Laboratory}}

@string{inst-mit = {Massachusetts Institute of Technology}}

@string{inst-mit:adr = {Cambridge, MA 02139, USA}}

@string{inst-siggraph = {ACM SIG{\-}GRAPH}}

@string{j-ai = {Artificial Intelligence}}

@string{j-ajpa = {American Journal of Physical Anthropologie}}

@string{j-asme = {ASME Journal of Applied Mechanics}}

@string{j-bc = {Biological Cybernetics}}

@string{j-bstj = {The Bell System Technical Journal}}

@string{j-cacm = {Communications of the Association for Computing Machinery}}

@string{j-cbm = {Computers in Biology and Medicine}}

@string{j-cgip = {Computer Graphics and Image Processing}}

@string{j-cj = {The Computer Journal}}

@string{j-compcon-spring89 = {Digest of Papers of {COMPCON} Spring `89}}

@string{j-complang = {Computer Language}}

@string{j-computer = {Computer}}

@string{j-cs = {Computing Surveys}}

@string{j-ddj = {Dr. Dobb's Journal}}

@string{j-gutenberg = {Cahiers GUTenberg}}

@string{j-ibm-jrd = {IBM J. Res. Develop.}}

@string{j-ieee-comp = {IEEE Computer}}

@string{j-ieee-micro = {IEEE Micro}}

@string{j-ijsa = {International Journal of Supercomputer Applications}}

@string{j-is = {Informatik-Spektrum}}

@string{j-jomms = {International Journal of Man-Machine Studies}}

@string{j-mb = {Journal of Motor Behavior}}

@string{j-ml = {Journal of Memory and Language}}

@string{j-net = {Network: Computation in Neural Systems}}

@string{j-npl = {Neural Processing Letters}}

@string{j-proc-sid = {Proceedings of the Society for Information Display}}

@string{j-sa = {Scientific American}}

@string{j-siam-j-comp = {SIAM Journal of Computing}}

@string{j-siggraph = {ACM SIG{\-}GRAPH---Com{\-}puter Graphics}}

@string{j-sigplan = {ACM SIG{\-}PLAN Notices}}

@string{j-spe = {Soft{\-}ware---Prac{\-}tice and Experience}}

@string{j-sr = {Supercomputing Review}}

@string{j-sunexpert = {SunExpert}}

@string{j-texhax = {{\TeX{}{\-}hax}}}

@string{j-texniques = {{\TeX}niques}}

@string{j-tochi = {acm Transactions on Computer-Human Interaction}}

@string{j-togs = {ACM Transactions on Graphics}}

@string{j-tosmc = {IEEE Transactions on Systems, Man, and Cybernetics}}

@string{j-tosmca = {IEEE Transactions on Systems, Man, and Cybernetics, Part A: Systems and Humans}}

@string{j-tugboat = {{\TUB{}}}}

@string{j-usenix-scp = {{USENIX} Summer Conference Proceedings}}

@string{pub-aaai = {{AAAI} Press}}

@string{pub-aaai:adr = {Menlo Park, CA.}}

@string{pub-aak = {Alfred A. Knopf}}

@string{pub-aak:adr = {New York, NY, USA}}

@string{pub-ac = {Academic}}

@string{pub-ac:adr = {San Diego, CA, USA}}

@string{pub-acm = {ACM Press}}

@string{pub-acm:adr = {New York, NY 10036, USA}}

@string{pub-acp = {Academic Press}}

@string{pub-adobe = {{Adobe Systems Incorporated}}}

@string{pub-adobe-press = {Adobe Press}}

@string{pub-adobe-press:adr = {Mountain View, CA, USA}}

@string{pub-adobe:adr = {1585 Charleston Road, P.~O. Box 7900, Mountain View, CA 94039-7900, USA, Tel: (415) 961-4400}}

@string{pub-ah = {Adam Hilger Ltd.}}

@string{pub-ah:adr = {Bristol, UK}}

@string{pub-ams = {American Mathematical Society}}

@string{pub-ams:adr = {Providence, RI, USA}}

@string{pub-anl = {Argonne National Laboratory}}

@string{pub-anl:adr = {Argonne, IL, USA}}

@string{pub-ansi = {American National Standards Institute}}

@string{pub-ansi:adr = {1430 Broadway, New York, NY 10018, USA}}

@string{pub-ap = {Academic Press}}

@string{pub-ap:adr = {24/28 Oval Road, London NW1 7DX, GB}}

@string{pub-att-bell = {AT\&T Bell Laboratories}}

@string{pub-att-bell:adr = {Murray Hill, NJ, USA}}

@string{pub-aw = {Ad{\-d}i{\-s}on-Wes{\-l}ey}}

@string{pub-aw:adr = {Reading, MA, USA}}

@string{pub-awe = {Ad{\-}di{\-}son-Wes{\-}ley Europe}}

@string{pub-awe:adr = {Amsterdam, The Netherlands}}

@string{pub-awv = {Ad{\-}di{\-}son-Wes{\-}ley Verlag}}

@string{pub-awv:adr = {Bonn, Germany}}

@string{pub-bantam = {Bantam Books}}

@string{pub-bantam:adr = {New York, NY, USA}}

@string{pub-bb = {Berkeley Books}}

@string{pub-bb:adr = {New York}}

@string{pub-bc = {Brooks\slash Cole}}

@string{pub-bc:adr = {Pacific Grove, CA, USA}}

@string{pub-be = {Beuth}}

@string{pub-be:adr = {K{\"o}ln}}

@string{pub-bencum = {Benjamin/Cummings Pub. Co.}}

@string{pub-bencum:adr = {Redwood City, CA, USA}}

@string{pub-bh = {Birkh{\"{a}}user}}

@string{pub-bh:adr = {Boston, MA, USA}}

@string{pub-bi = {BI-Wissenschafts-Verlag}}

@string{pub-bi:adr = {Mannheim, Leibzig, Wien, Z{\"u}rich}}

@string{pub-bn = {Barnes and Noble}}

@string{pub-bn:adr = {New York, NY, USA}}

@string{pub-bowk = {R. R. Bowker Company}}

@string{pub-bowk:adr = {1180 Avenue of the Americas, New York, NY 10036, USA}}

@string{pub-brady = {Robert J. Brady Co.}}

@string{pub-brady:adr = {Bowie, MD 20715, USA}}

@string{pub-brock = {F. A. Brockhaus GmbH}}

@string{pub-brock:adr = {Mannheim}}

@string{pub-burg = {Burgess}}

@string{pub-burg:adr = {Minneapolis,MN (USA)}}

@string{pub-cbi = {Contemporary Books, Inc.}}

@string{pub-cbi:adr = {180 North Michigan Avenue, Chicago, IL 60601, USA}}

@string{pub-cbm = {CBM Books}}

@string{pub-cbm:adr = {A Division of Cardinal Business Media Inc., 101 Witmer Road, Horsham, PA 19044, USA}}

@string{pub-chapman-hall = {Chapman and Hall, Ltd.}}

@string{pub-chapman-hall:adr = {London, UK}}

@string{pub-chartwell = {Chartwell Books, Inc.}}

@string{pub-chartwell:adr = {110 Enterprise Avenue, Secaucus, NJ 07094, USA}}

@string{pub-ciaoco = {Editions Ciaoco}}

@string{pub-ciaoco:adr = {Artel, Bruxelles, Belgium}}

@string{pub-cips = {Canadian Information Processing Society}}

@string{pub-cips:adr = {243 College St, 5th Floor, Toronto, Ontario M5T~2Y1, Canada}}

@string{pub-clsc = {College of Science Computer}}

@string{pub-clsc:adr = {Department of Physics, University of Utah, Salt Lake City, UT 84112, USA}}

@string{pub-collier = {Collier Books, Macmillan Publishing Company}}

@string{pub-collier:adr = {New York, NY, USA}}

@string{pub-collmac = {Collier Macmillan Canada}}

@string{pub-collmac:adr = {Toronto, Ontario, Canada}}

@string{pub-columbia = {Columbia University Press}}

@string{pub-columbia:adr = {New York, NY, USA}}

@string{pub-cp = {Clarendon Press}}

@string{pub-cp:adr = {Oxford, UK}}

@string{pub-crc = {CRC Publishers}}

@string{pub-crc:adr = {2000 Corporate Blvd., Boca Raton, FL 33431, USA}}

@string{pub-csp = {Computer Science Press}}

@string{pub-csp:adr = {11 Taft Court, Rockville, MD 20850, USA}}

@string{pub-cup = {Cambridge University Press}}

@string{pub-cup:adr = {Cambridge, UK}}

@string{pub-cwi = {Centrum voor Wiskunde en Informatica}}

@string{pub-cwi:adr = {P. O. Box 4079, 1009 AB Amsterdam, The Netherlands}}

@string{pub-deg = {W. de Gruyter}}

@string{pub-deg:adr = {Berlin, New York}}

@string{pub-dov = {Dover}}

@string{pub-dov:adr = {New York, NY, USA}}

@string{pub-dp = {Digital Press}}

@string{pub-dp:adr = {12 Crosby Drive, Bedford, MA 01730, USA}}

@string{pub-dup = {Dresden University Press}}

@string{pub-eh = {Ellis Horwood}}

@string{pub-eh:adr = {New York, NY, USA}}

@string{pub-els = {Elsevier}}

@string{pub-els:adr = {Amsterdam, The Netherlands}}

@string{pub-enke = {Stuttgart}}

@string{pub-fsf = {{Free} {Software} {Foundation}}}

@string{pub-fsf:adr = {675 Mass Ave, Cambridge, MA 02139, USA, Tel: (617) 876-3296}}

@string{pub-godine = {David R. Godine, Publisher}}

@string{pub-godine:adr = {Boston, MA, USA}}

@string{pub-gp = {Graphics Press}}

@string{pub-gp:adr = {Box 430, Cheshire, CT 06410, USA}}

@string{pub-graphiccomm = {Graphic Communications Association}}

@string{pub-graphiccomm:adr = {100 Daingerfield Road, Alexandria, VA 22314-2804, USA}}

@string{pub-ha = {Hanser}}

@string{pub-ha:adr = {M{\"u}nchen, Wien}}

@string{pub-hayden = {Hayden Books}}

@string{pub-hayden:adr = {4300 West 62nd Street, Indianapolis, IN 46268, USA}}

@string{pub-hbj = {Harcourt Brace Jovanovich}}

@string{pub-hbj:adr = {Boston, MA, USA}}

@string{pub-hm = {Houghton Mifflin}}

@string{pub-hm:adr = {Boston, MA, USA}}

@string{pub-hrw = {Holt, Reinhart, and Winston}}

@string{pub-hrw:adr = {New York, NY, USA}}

@string{pub-hws = {Howard W. Sams}}

@string{pub-hws:adr = {Indianapolis, IN 46268, USA}}

@string{pub-ibm = {IBM Corporation}}

@string{pub-ibm:adr = {San Jose, CA, USA}}

@string{pub-ie = {InterEditions}}

@string{pub-ie:adr = {Paris, France}}

@string{pub-ieee = {IEEE Computer Society Press}}

@string{pub-ieee:adr = {1109 Spring Street, Suite 300, Silver Spring, MD 20910, USA}}

@string{pub-intel = {Intel Corporation}}

@string{pub-intel:adr = {Santa Clara, CA, USA}}

@string{pub-ios = {IOS Press}}

@string{pub-ios:adr = {Postal Drawer 10558, Burke, VA 2209-0558, USA}}

@string{pub-iso = {International Organization for Standardization}}

@string{pub-jh = {The Johns Hopkins University Press}}

@string{pub-jh:adr = {Baltimore, MD, USA}}

@string{pub-jpl = {Jet Propulsion Laboratory}}

@string{pub-jpl:adr = {Pasadena, CA, USA}}

@string{pub-jsa = {Japanese Standards Association}}

@string{pub-jsa:adr = {1-24, Akasaka 4 Chome, Minato-ku, Tokyo, 107 Japan}}

@string{pub-jw = {John Wiley}}

@string{pub-jw:adr = {New York, NY, USA}}

@string{pub-kc = {Klett-Cotta Verlag}}

@string{pub-kc:adr = {Stuttgart}}

@string{pub-kcp = {King's Crown Press}}

@string{pub-kcp:adr = {Morningside Hights, New York}}

@string{pub-kluwer = {Kluwer Academic Publishers Group}}

@string{pub-kluwer:adr = {Norwell, MA, USA, and Dordrecht, The Netherlands}}

@string{pub-lb = {Little, Brown and Company}}

@string{pub-lb:adr = {Boston, Toronto, London}}

@string{pub-lea = {Lawrence Erlbaum Associates}}

@string{pub-lea:adr = {Hillsday N.J.}}

@string{pub-mac = {Macmillan Publishing Company}}

@string{pub-mac-ed = {Macmillan Education Ltd.}}

@string{pub-mac-ed:adr = {Houndmills, Basingstoke, Hampshire RG21 2XS, UK}}

@string{pub-mac:adr = {New York, NY, USA}}

@string{pub-megatek = {Megatek Corporation}}

@string{pub-megatek:adr = {9645 Scranton Rd, San Diego, CA 92121, USA}}

@string{pub-mh = {Mc{\-}Graw-Hill}}

@string{pub-mh:adr = {New York, NY, USA}}

@string{pub-microsoft = {Microsoft Press}}

@string{pub-microsoft:adr = {Bellevue, WA, USA}}

@string{pub-mis = {MIS Press}}

@string{pub-mis:adr = {P. O. Box 5277, Portland, OR 97208-5277, USA, Tel: (503) 282-5215}}

@string{pub-mit = {MIT Press}}

@string{pub-mit:adr = {Cambridge, Mass., USA}}

@string{pub-mk = {Morgan Kaufmann Publishers}}

@string{pub-mk:adr = {Los Altos, CA 94022, USA}}

@string{pub-mk:adrnew = {2929 Campus Drive, Suite 260, San Mateo, CA 94403, USA}}

@string{pub-morrow = {William Morrow and Company, Inc.}}

@string{pub-morrow:adr = {New York, NY, USA}}

@string{pub-motorola = {Motorola Corporation}}

@string{pub-motorola:adr = {Phoenix, AZ, USA}}

@string{pub-mou = {Mouton}}

@string{pub-mou:adr = {The Hague}}

@string{pub-mt = {M\&T Books}}

@string{pub-mt:adr = {M\&T Publishing, Inc., 501 Galveston Drive, Redwood City, CA 94063, USA}}

@string{pub-nh = {North-Hol{\-}land}}

@string{pub-nh:adr = {Amsterdam, The Netherlands}}

@string{pub-ohmsha = {Ohmsha, Ltd.}}

@string{pub-ohmsha:adr = {3-1 Kanda Nishiki-cho, Chiyoda-ku, Tokyo 101, Japan}}

@string{pub-ol = {R. Oldenbourg Verlag}}

@string{pub-ol:adr = {M{\"u}nchen}}

@string{pub-omh = {Osborne\slash Mc{\-}Graw-Hill}}

@string{pub-omh:adr = {Berkeley, CA, USA}}

@string{pub-ora = {O'Reilly \& {Associates, Inc.}}}

@string{pub-ora:adr = {981 Chestnut Street, Newton, MA 02164, USA}}

@string{pub-oup = {Oxford University Press}}

@string{pub-oup:adr = {Walton Street, Oxford OX2 6DP, UK}}

@string{pub-pantheon = {Pantheon Books}}

@string{pub-pantheon:adr = {New York, NY, USA}}

@string{pub-peachpit = {Peachpit Press, Inc.}}

@string{pub-peachpit:adr = {1085 Keith Avenue, Berkeley, CA 94708, USA}}

@string{pub-ph = {Pren{\-}tice-Hall}}

@string{pub-ph:adr = {Englewood Cliffs, NJ 07632, USA}}

@string{pub-phi = {Pren{\-}tice-Hall International}}

@string{pub-phi:adr = {Englewood Cliffs, NJ 07632, USA}}

@string{pub-pitman = {Pitman Publishing Ltd.}}

@string{pub-pitman:adr = {London, UK}}

@string{pub-ple = {Plenum Press}}

@string{pub-ple:adr = {New York}}

@string{pub-plumhall = {Plum Hall}}

@string{pub-plumhall:adr = {1 Spruce Ave, Cardiff, NJ 08232, USA}}

@string{pub-ppb = {Professional Press Books}}

@string{pub-ppb:adr = {101 Witmer Road, Horsham, PA 19044, USA}}

@string{pub-prime-time-freeware = {Prime Time Freeware}}

@string{pub-prime-time-freeware:adr = {370 Altair Way, Suite 150, Sunnyvale, CA, USA}}

@string{pub-psu = {Press Syndicate of the University of Cambridge}}

@string{pub-psu:adr = {New York}}

@string{pub-pti = {Personal {\TeX} Inc.}}

@string{pub-pti:adr = {12 Madrona Street, Mill Valley, CA 94941, USA}}

@string{pub-ptrph = {P T R Pren{\-}tice-Hall}}

@string{pub-ptrph:adr = {Englewood Cliffs, NJ 07632, USA}}

@string{pub-pup = {Princeton University Press}}

@string{pub-pup:adr = {Princeton, NJ, USA}}

@string{pub-pw = {Plume\slash Waite}}

@string{pub-pw:adr = {New York, NY, USA}}

@string{pub-rek = {Robert E. Krieger Publishing Company}}

@string{pub-rek:adr = {Huntington, NY, USA}}

@string{pub-reston = {Reston Publishing Co. Inc.}}

@string{pub-reston:adr = {Reston, VA, USA}}

@string{pub-rh = {Random House}}

@string{pub-rh:adr = {New York, NY, USA}}

@string{pub-serif = {Serif Publishing}}

@string{pub-serif:adr = {A subsidiary of Xerox Corporation, 701 South Aviation Boulevard, El Segundo, CA 90245, USA}}

@string{pub-sf = {Scott, Foresman and Company}}

@string{pub-sf:adr = {Glenview, IL, USA}}

@string{pub-siam = {Society for Industrial and Applied Mathematics}}

@string{pub-siam:adr = {Philadelphia, PA, USA}}

@string{pub-sigchi = {ACM SIG{\-}CHI}}

@string{pub-sigchi:adr = {1515 Broadway, 17th Floor, New York, NY 10036}}

@string{pub-siggraph = {ACM SIG{\-}GRAPH}}

@string{pub-siggraph:adr = {1515 Broadway, 17th Floor, New York, NY 10036}}

@string{pub-signum = {Signum Press}}

@string{pub-signum:adr = {Hans-Albers-Platz 2, 2000 Hamburg 36 , Germany}}

@string{pub-silicon = {Silicon Press}}

@string{pub-silicon:adr = {25 Beverly Road, Summit, NJ 07901, USA}}

@string{pub-sp = {Springer-Verlag}}

@string{pub-sp:adr = {Berlin Heidelberg New York}}

@string{pub-ss = {Simon and Schuster}}

@string{pub-ss:adr = {New York, NY, USA}}

@string{pub-stan-cs = {Stanford University, Department of Computer Science}}

@string{pub-stan-cs:adr = {Stanford, CA, USA}}

@string{pub-stan-csl = {Stanford University, Department of Computer Science}}

@string{pub-stan-csl:adr = {Stanford, CA, USA}}

@string{pub-sucsli = {Stanford University Center for the Study of Language and Information}}

@string{pub-sucsli:adr = {Stanford, CA, USA}}

@string{pub-sun = {Sun Microsystems}}

@string{pub-sun:adr = {2550 Garcia Avenue, Mountain View, CA 94043, USA}}

@string{pub-sv = {Spring{\-}er-Ver{\-}lag}}

@string{pub-sv:adr = {Berlin, Germany~/ Heidelberg, Germany~/ London, UK~/ etc.}}

@string{pub-sybex = {Sybex}}

@string{pub-sybex:adr = {2021 Challenger Driver, Suite 100, Alameda, CA 94501, USA}}

@string{pub-taf = {Taylor \& Francis}}

@string{pub-taf:adr = {London ...}}

@string{pub-teu = {B. G. Teubner}}

@string{pub-teu:adr = {Stuttgart}}

@string{pub-texplorators = {The {\TeX}plorators Corporation}}

@string{pub-texplorators:adr = {3701 W. Alabama, Suite 450-273, Houston, TX 77027, USA}}

@string{pub-transaction = {Transaction Publishers, Rutgers University}}

@string{pub-transaction:adr = {New Brunswick, NJ 08903, USA}}

@string{pub-trilithon = {Trilithon Press}}

@string{pub-trilithon:adr = {Los Altos, CA, USA}}

@string{pub-ucip = {University of Chicago Press}}

@string{pub-ucip:adr = {Chicago}}

@string{pub-ucp = {University of California Press}}

@string{pub-ucp:adr = {Berkeley, CA, USA}}

@string{pub-unic = {UNI{$\bullet$}C}}

@string{pub-unic:adr = {Danmarks EDB-Center for Forskning og Uddannelse, Copenhagen, Denmark}}

@string{pub-urw = {URW Verlag}}

@string{pub-urw:adr = {Hamburg, Germany}}

@string{pub-usenix = {USENIX}}

@string{pub-usenix:adr = {San Francisco, CA, USA}}

@string{pub-usgpo = {United States Government Printing Office}}

@string{pub-usgpo:adr = {Washington, DC, USA}}

@string{pub-usnps = {U. S. Naval Postgraduate School}}

@string{pub-usnps:adr = {Monterey, CA 93940, USA}}

@string{pub-usnwl = {U. S. Naval Weapons Laboratory}}

@string{pub-usnwl:adr = {Dahlgren, VA 22448, USA}}

@string{pub-utp = {University of Texas Press}}

@string{pub-utp:adr = {Austin, TX, USA}}

@string{pub-vdi = {VDI Verlag}}

@string{pub-vdi:adr = {D{\"u}sseldorf}}

@string{pub-vi = {Vieweg}}

@string{pub-vi:adr = {Braunschweig; Wiesbaden}}

@string{pub-vintage = {Vintage Books}}

@string{pub-vintage:adr = {New York, NY, USA}}

@string{pub-vnr = {Van Nostrand Reinhold}}

@string{pub-vnr:adr = {New York, NY, USA}}

@string{pub-w = {Wiley}}

@string{pub-w:adr = {New York, NY, USA}}

@string{pub-wab = {W. A. {Benjamin, Inc.}}}

@string{pub-wab:adr = {New York, NY, USA}}

@string{pub-wadsworth = {Wadsworth}}

@string{pub-wadsworth:adr = {Pacific Grove, CA, USA}}

@string{pub-wb = {Wissenschaftliche Buchgesellschaft Darmstadt}}

@string{pub-wb:adr = {Darmstadt}}

@string{pub-weitek = {Weitek Corporation}}

@string{pub-weitek:adr = {1060 E. Arques Ave., Sunnyvale, CA 94086-BRM-9759, USA}}

@string{pub-wfv = {Wilhelm Fink Verlag}}

@string{pub-wfv:adr = {M{\"u}nchen}}

@string{pub-wgp = {Wat{\-}son-Gup{\-}till Publications}}

@string{pub-wgp:adr = {1515 Broadway, New York, NY 10036, USA}}

@string{pub-whf = {W. H. {Freeman and Company}}}

@string{pub-whf:adr = {New York, NY, USA}}

@string{pub-wi = {Wiley-In{\-}ter{\-}sci{\-}ence}}

@string{pub-wi:adr = {New York, NY, USA}}

@string{pub-windcrest = {Windcrest\slash McGraw-Hill}}

@string{pub-windcrest:adr = {Blue Ridge Summit, PA, USA}}

@string{pub-wrc = {W. and R. Chambers Ltd.}}

@string{pub-wrc:adr = {London, UK}}

@string{pub-yourdon = {Yourdon Press}}

@string{pub-yourdon:adr = {Englewood Cliffs, NJ 07632, USA}}


@online{hci:2013,
	Author = {Marc Erich Latoschik},
	Date-Added = {2013-11-11 13:59:30 +0000},
	Date-Modified = {2013-11-11 18:00:51 +0000},
	Title = {{Homepage des Lehrstuhls f{\"u}r Mensch-Computer Interaktion, Universit{\"a}t W{\"u}rzburg}},
	Url = {http://www.hci.uni-wuerzburg.de},
	Urldate = {2013-11-11},
	Year = {2013}}

@proceedings{blach:2010,
	Abstract = {Die Fachgruppe Virtuelle und Erweiterte Realit{\"a}t der Gesellschaft
	f{\"u}r Informatik wurde im Jahr 2003 als Informationsplattform und
	Interessengemeinschaft gegr{\"u}ndet. Seit 2004 organisiert die Gruppe
	einen j{\"a}hrlich stattfindenden Workshop, der am 15. Juli 2007
	an der Bauhaus-Universit{\"a}t Weimar zu Gast ist. Dieser Band enth{\"a}lt
	die 22 ausgew{\"a}hlten Beitr{\"a}ge. Das Themenspektrum reicht von
	Mensch-Maschine-Interation {\"u}ber Simulations-, Projektions- und
	Rendertechnologien zu VR/AR-Anwendungszenarien. Wir sind besonders
	froh {\"u}ber die aktive Beteiligung vieler Nachwuchsforscher und
	Studenten -- ein Indiz f{\"u}r die anhaltende Attraktivit{\"a}t und
	Aktualit{\"a}t der Zukunftstechnologien Virtual Reality und Augmented
	Reality. Besonderer Dank gilt dem Programmkomitee und den vielen
	Helfern bei der lokalen Organisation, ohne deren Unterst{\"u}tzung
	die Organisation und Durchf{\"u}hrung dieser Veranstaltung nicht
	m{\"o}glich gewesen w{\"a}re. Wir freuen uns auf eine interessante
	Veranstaltung mit lebhaften Diskussionen.},
	Booktitle = {Virtuelle und {E}rweiterte {R}ealit{\"a}t, 7. Workshop of the {GI} special interest group {VR/AR}},
	Date-Added = {2013-07-16 05:33:53 +0000},
	Date-Modified = {2013-07-16 05:33:53 +0000},
	Editor = {Blach, Roland and Bohn, Christian-A.},
	Organization = {Gesellschaft f{\"u}r Informatik},
	Publisher = {Shaker Verlag},
	Title = {Virtuelle und {E}rweiterte {R}ealit{\"a}t, 7. Workshop of the {GI} special interest group {VR/AR}},
	Year = {2010}}

@proceedings{DBLP:conf/vr/2011,
	Bibsource = {DBLP, http://dblp.uni-trier.de},
	Booktitle = {VR},
	Date-Added = {2013-07-16 05:33:33 +0000},
	Date-Modified = {2013-07-16 05:33:33 +0000},
	Publisher = {IEEE},
	Title = {IEEE Virtual Reality Conference, VR 2011, Singapore, 19-23 March 2011},
	Year = {2011}}

@inproceedings{oberdorfer:2013a,
	Author = {Sebastian Oberd{\"o}rfer and Marc Erich Latoschik},
	Booktitle = {Proccedings der INFORMATIK 2013, 43. Jahrestagung der Gesellschaft f{\"u}r Informatik, Workshop Virtuelle Welten und Gamification},
	Date-Added = {2013-07-03 06:34:30 +0000},
	Date-Modified = {2013-07-03 06:39:10 +0000},
	Note = {To appear},
	Title = {Develop your strengths by gaming: Towards an inventory of gamificationable skills},
	Year = {2013}}

@inproceedings{wiebusch:2012a,
	Abstract = {We introduce a technique to support decoupling in component-based, modular software architectures as a means to enhance non-functional requirements, i.e., to increase reusability, portability, and adaptability. The core idea utilizes a semantic description of interfaces and component interplay in the area of Intelligent Real-time Interactive Systems IRIS. Semantic descriptions are encoded as OWL-based models, which build a Knowledge Representation Layer KRL of relevant interface constructs and component features. These models are automatically transformed into programming language code of a given target language. The result of that transformation forms a semantically grounded database of relevant system aspects that programmers can use to develop their application. Examples, taken from an application that was developed with the Simulator X framework, illustrate the different aspects of the proposed method and demonstrate its practicability.},
	Author = {Dennis Wiebusch and Marc Erich Latoschik},
	Booktitle = {Software Engineering and Architectures for Realtime Interactive Systems SEARIS, proceedings of the IEEE Virtual Reality 2012 workshop},
	Date-Added = {2012-05-11 06:28:28 +0000},
	Date-Modified = {2012-05-11 06:28:43 +0000},
	Title = {Enhanced Decoupling of Components in Intelligent Realtime Interactive Systems using Ontologies},
	Year = 2012}

@inproceedings{fischbach:2012b,
	Added-At = {2012-06-27T11:23:55.000+0200},
	Author = {Fischbach, Martin and Wiebusch, Dennis and Latoschik, Marc Erich and Bruder, Gerd and Steinicke, Frank},
	Biburl = {http://www.bibsonomy.org/bibtex/2b240bbf0aa72c008779d9d9aeb1b5fa0/mcm},
	Booktitle = {Mensch und Computer Demo Papers},
	Date-Added = {2012-11-27 10:29:26 +0000},
	Date-Modified = {2012-11-27 10:29:36 +0000},
	Interhash = {b0fbc5b64a76da7dd53895af70b3d2b0},
	Intrahash = {b240bbf0aa72c008779d9d9aeb1b5fa0},
	Keywords = {myown},
	Timestamp = {2012-06-27T11:23:55.000+0200},
	Title = {smARTbox: A Portable Setup for Intelligent Interactive Applications},
	Year = 2012}

@inproceedings{fischbach:2012a,
	Author = {Fischbach, M. and Latoschik, M. and Bruder, G. and Steinicke, F.},
	Booktitle = {Virtual Reality International Conference VRIC},
	Date-Added = {2012-05-29 15:10:08 +0000},
	Date-Modified = {2012-05-29 15:10:08 +0000},
	Publisher = {ACM},
	Title = {sm{ART}box: {O}ut-of-the-{B}ox {T}echnologies for {I}nteractive {A}rt and {E}xhibition},
	Year = {2012}}

@inproceedings{m.-fischbach:2012a,
	Abstract = {Recent developments in the elds of interactive display technologies
provide new possibilities for engaging visitors in interactive
three-dimensional virtual art exhibitions. Tracking
and interaction technologies such as the Microsoft Kinect
and emerging multi-touch interfaces enable inexpensive and
low-maintenance interactive art setups while providing portable
solutions for engaging presentations and exhibitions. In
this paper we describe the smARTbox, which is a responsive
touch-enabled stereoscopic out-of-the-box technology for interactive
art setups. Based on the described technologies,
we sketch an interactive semi-immersive virtual sh tank
implementation that enables direct and indirect interaction
with visitors.},
	Author = {M. Fischbach and M. Latoschik and G. Bruder and F. Steinicke},
	Booktitle = {Proceedings of 2012 Virtual Reality International Conference {VRIC}},
	Date-Added = {2012-05-11 06:26:21 +0000},
	Date-Modified = {2012-05-11 06:27:42 +0000},
	Publisher = {ACM},
	Title = {smARTbox: Out-of-the-Box Technologies for Interactive Art and Exhibition},
	Year = 2012}

@misc{latoschik:2012a,
	Author = {Marc Erich Latoschik and Steven Feiner and Dieter Schmalstieg and Carolina Cruz-Neira},
	Date-Added = {2012-09-11 06:20:58 +0000},
	Date-Modified = {2013-07-16 05:49:06 +0000},
	Howpublished = {IEEE VR 2012 panel},
	Title = {Systems Engineering Science: Obsolete or Essential?},
	Year = {2012}}

@inproceedings{latoschik:2011,
	Author = {Latoschik, Marc Erich and Tramberend, Henrik},
	Booktitle = {Proceedings of the IEEE VR 2011},
	Date-Added = {2010-11-16 11:21:52 +0100},
	Date-Modified = {2011-01-10 15:09:04 +0100},
	Title = {{Simulator X: A Scalable and Concurrent Software Platform for Intelligent Realtime Interactive Systems}},
	Year = {2011}}

@inproceedings{fischbach:2011,
	Author = {Fischbach, Martin and Wiebusch, Dennis and Giebler-Schubert, Anke and Latoschik, Marc Erich and Rehfeld, Stephan and Tramberend, Henrik},
	Bibsource = {DBLP, http://dblp.uni-trier.de},
	Booktitle = {VR},
	Crossref = {DBLP:conf/vr/2011},
	Date-Added = {2011-09-25 12:19:49 +0200},
	Date-Modified = {2011-10-13 07:38:33 +0200},
	Ee = {http://dx.doi.org/10.1109/VR.2011.5759495},
	Pages = {255-256},
	Title = {SiXton's curse - Simulator X demonstration},
	Year = {2011}}

@inproceedings{Rehfeld:2010,
	Abstract = {This paper compares two parallelization methods for data
flow networks. A strict decoupling between the networks' structural
components and their evaluation is achieved using a pattern oriented
architecture with generalized traverser objects. This architecture
provides a clean basis for the implementation of parallel execution
code using a) an explicit parallelization based on pthreads and b)
an implicit parallelization using OpenMP. Both methods are then evaluated
and compared to each other for different traversal heuristics.},
	Author = {Rehfeld, Stephan and Latoschik, Marc Erich},
	Booktitle = {Software Engineering and Architectures for Realtime Interactive Systems (SEARIS), proceedings of the IEEE Virtual Reality 2010 workshop},
	Date-Added = {2010-02-23 08:23:35 +0100},
	Date-Modified = {2010-11-08 19:03:35 +0100},
	Title = {A Comparison of Parallelization Methods for Data Flow Networks},
	Year = {2010},
	Bdsk-File-1 = {YnBsaXN0MDDUAQIDBAUGJCVYJHZlcnNpb25YJG9iamVjdHNZJGFyY2hpdmVyVCR0b3ASAAGGoKgHCBMUFRYaIVUkbnVsbNMJCgsMDxJXTlMua2V5c1pOUy5vYmplY3RzViRjbGFzc6INDoACgAOiEBGABIAFgAdccmVsYXRpdmVQYXRoWWFsaWFzRGF0YV8QMC4uLy4uL3JlcG9zaXRvcmllcy9wdWJsaWNhdGlvbnMvcmVoZmVsZC0yMDEwLnBkZtIXCxgZV05TLmRhdGFPEQGqAAAAAAGqAAIAAAxNYWNpbnRvc2ggSEQAAAAAAAAAAAAAAAAAAADKuVN0SCsAAAAMshwQcmVoZmVsZC0yMDEwLnBkZgAAAAAAAAAAAAAAAAAAAAAAAAAAAAAAAAAAAAAAAAAAAAAAAAAAAAAAAAAAAAAAAAyz9cjp9YsAAAAAAAAAAAACAAMAAAkgAAAAAAAAAAAAAAAAAAAADHB1YmxpY2F0aW9ucwAQAAgAAMq5N1QAAAARAAgAAMjp2WsAAAABABAADLIcAAyBPAAFHt8AAMAjAAIARk1hY2ludG9zaCBIRDpVc2VyczoAbWFyYzoAcmVwb3NpdG9yaWVzOgBwdWJsaWNhdGlvbnM6AHJlaGZlbGQtMjAxMC5wZGYADgAiABAAcgBlAGgAZgBlAGwAZAAtADIAMAAxADAALgBwAGQAZgAPABoADABNAGEAYwBpAG4AdABvAHMAaAAgAEgARAASADVVc2Vycy9tYXJjL3JlcG9zaXRvcmllcy9wdWJsaWNhdGlvbnMvcmVoZmVsZC0yMDEwLnBkZgAAEwABLwAAFQACAAv//wAAgAbSGxwdHlokY2xhc3NuYW1lWCRjbGFzc2VzXU5TTXV0YWJsZURhdGGjHR8gVk5TRGF0YVhOU09iamVjdNIbHCIjXE5TRGljdGlvbmFyeaIiIF8QD05TS2V5ZWRBcmNoaXZlctEmJ1Ryb290gAEACAARABoAIwAtADIANwBAAEYATQBVAGAAZwBqAGwAbgBxAHMAdQB3AIQAjgDBAMYAzgJ8An4CgwKOApcCpQKpArACuQK+AssCzgLgAuMC6AAAAAAAAAIBAAAAAAAAACgAAAAAAAAAAAAAAAAAAALq}}

@inproceedings{wiebusch:2010,
	Abstract = {Dieser Artikel beschreibt eine konfigurierbare Schnittstelle -- ein so genanntes  World-Interface -- f{\"u}r die Kopplung von KI-Verfahren in eine Middlewareplattform f{\"u}r interaktive Echtzeitsysteme der VR, AR und MR. Relevante Ereignisse, deren semantische Repr{\"a}sentation sowie die entsprechenden Reaktionen auf die Ereignisse lassen sich zur Laufzeit definieren und f{\"u}r die jeweiligen Anforderungen konfigurieren. Dadurch wird das System auf verschiedene Anwendungskontexte und konkrete Middlewarefunktionalit{\"a}ten anpassbar. Der Ansatz wird am Beispiel der Kopplung eines Regel-basierten
Produktionssystems zur Entwicklung einer Anwendungslogik f{\"u}r ein kleines Computerspiel demonstriert.},
	Author = {Wiebusch, Dennis and Latoschik, Marc Erich and Tramberend, Henrik},
	Crossref = {blach:2010},
	Date-Added = {2010-10-04 16:54:31 +0200},
	Date-Modified = {2010-11-08 19:02:17 +0100},
	Pages = {47--58},
	Title = {Ein {K}onfigurierbares {W}orld-{I}nterface zur {K}opplung von {KI}-{M}ethoden an {I}nteraktive {E}chtzeitsysteme},
	Year = {2010},
	Bdsk-File-1 = {YnBsaXN0MDDUAQIDBAUGJCVYJHZlcnNpb25YJG9iamVjdHNZJGFyY2hpdmVyVCR0b3ASAAGGoKgHCBMUFRYaIVUkbnVsbNMJCgsMDxJXTlMua2V5c1pOUy5vYmplY3RzViRjbGFzc6INDoACgAOiEBGABIAFgAdccmVsYXRpdmVQYXRoWWFsaWFzRGF0YV8QMS4uLy4uL3JlcG9zaXRvcmllcy9wdWJsaWNhdGlvbnMvd2llYnVzY2gtMjAxMC5wZGbSFwsYGVdOUy5kYXRhTxEBrgAAAAABrgACAAAMTWFjaW50b3NoIEhEAAAAAAAAAAAAAAAAAAAAyrlTdEgrAAAADLIcEXdpZWJ1c2NoLTIwMTAucGRmAAAAAAAAAAAAAAAAAAAAAAAAAAAAAAAAAAAAAAAAAAAAAAAAAAAAAAAAAAAAAAAMtEfI6fWUAAAAAAAAAAAAAgADAAAJIAAAAAAAAAAAAAAAAAAAAAxwdWJsaWNhdGlvbnMAEAAIAADKuTdUAAAAEQAIAADI6dl0AAAAAQAQAAyyHAAMgTwABR7fAADAIwACAEdNYWNpbnRvc2ggSEQ6VXNlcnM6AG1hcmM6AHJlcG9zaXRvcmllczoAcHVibGljYXRpb25zOgB3aWVidXNjaC0yMDEwLnBkZgAADgAkABEAdwBpAGUAYgB1AHMAYwBoAC0AMgAwADEAMAAuAHAAZABmAA8AGgAMAE0AYQBjAGkAbgB0AG8AcwBoACAASABEABIANlVzZXJzL21hcmMvcmVwb3NpdG9yaWVzL3B1YmxpY2F0aW9ucy93aWVidXNjaC0yMDEwLnBkZgATAAEvAAAVAAIAC///AACABtIbHB0eWiRjbGFzc25hbWVYJGNsYXNzZXNdTlNNdXRhYmxlRGF0YaMdHyBWTlNEYXRhWE5TT2JqZWN00hscIiNcTlNEaWN0aW9uYXJ5oiIgXxAPTlNLZXllZEFyY2hpdmVy0SYnVHJvb3SAAQAIABEAGgAjAC0AMgA3AEAARgBNAFUAYABnAGoAbABuAHEAcwB1AHcAhACOAMIAxwDPAoECgwKIApMCnAKqAq4CtQK+AsMC0ALTAuUC6ALtAAAAAAAAAgEAAAAAAAAAKAAAAAAAAAAAAAAAAAAAAu8=}}

@inproceedings{latoschik:2010,
	Abstract = {This paper reviews coupling and cohesion as software quality criteria for the development of Realtime Interactive Systems (RIS). The applicability of these criteria to evaluate RIS architecture mechanisms is examined while the utilization of existing software metrics is discussed. Three commonly found mechanisms, scene graphs, event systems and entity models, are evaluated with respect to a minimization of coupling and a maximization of cohesion. The paper motivates an analytical approach to the evaluation of software techniques as well as a strengthening of software technology aspects in the field of interactive simulations in general given current challenges of diversification, parallelization, and interconnection.},
	Author = {Latoschik, Marc Erich and Tramberend, Henrik},
	Booktitle = {{Proceedings of the Joint Virtual Reality Conference of Euro VR -- EGVE -- VEC}},
	Date-Added = {2010-08-09 07:28:48 +0200},
	Date-Modified = {2010-11-08 19:02:57 +0100},
	Editor = {Kuhlen, Torsten and Coquillart, Sabine and Interrante, Victoria},
	Pages = {25--28},
	Series = {{EG} Symposium Proceedings},
	Title = {{E}ngineering {R}ealtime {I}nteractive {S}ystems: {C}oupling \& {C}ohesion of {A}rchitecture {M}echanisms},
	Year = {2010},
	Bdsk-File-1 = {YnBsaXN0MDDUAQIDBAUGJCVYJHZlcnNpb25YJG9iamVjdHNZJGFyY2hpdmVyVCR0b3ASAAGGoKgHCBMUFRYaIVUkbnVsbNMJCgsMDxJXTlMua2V5c1pOUy5vYmplY3RzViRjbGFzc6INDoACgAOiEBGABIAFgAdccmVsYXRpdmVQYXRoWWFsaWFzRGF0YV8QMi4uLy4uL3JlcG9zaXRvcmllcy9wdWJsaWNhdGlvbnMvbGF0b3NjaGlrLTIwMTAucGRm0hcLGBlXTlMuZGF0YU8RAbIAAAAAAbIAAgAADE1hY2ludG9zaCBIRAAAAAAAAAAAAAAAAAAAAMq5U3RIKwAAAAyyHBJsYXRvc2NoaWstMjAxMC5wZGYAAAAAAAAAAAAAAAAAAAAAAAAAAAAAAAAAAAAAAAAAAAAAAAAAAAAAAAAAAAAADLOcyOn1gwAAAAAAAAAAAAIAAwAACSAAAAAAAAAAAAAAAAAAAAAMcHVibGljYXRpb25zABAACAAAyrk3VAAAABEACAAAyOnZYwAAAAEAEAAMshwADIE8AAUe3wAAwCMAAgBITWFjaW50b3NoIEhEOlVzZXJzOgBtYXJjOgByZXBvc2l0b3JpZXM6AHB1YmxpY2F0aW9uczoAbGF0b3NjaGlrLTIwMTAucGRmAA4AJgASAGwAYQB0AG8AcwBjAGgAaQBrAC0AMgAwADEAMAAuAHAAZABmAA8AGgAMAE0AYQBjAGkAbgB0AG8AcwBoACAASABEABIAN1VzZXJzL21hcmMvcmVwb3NpdG9yaWVzL3B1YmxpY2F0aW9ucy9sYXRvc2NoaWstMjAxMC5wZGYAABMAAS8AABUAAgAL//8AAIAG0hscHR5aJGNsYXNzbmFtZVgkY2xhc3Nlc11OU011dGFibGVEYXRhox0fIFZOU0RhdGFYTlNPYmplY3TSGxwiI1xOU0RpY3Rpb25hcnmiIiBfEA9OU0tleWVkQXJjaGl2ZXLRJidUcm9vdIABAAgAEQAaACMALQAyADcAQABGAE0AVQBgAGcAagBsAG4AcQBzAHUAdwCEAI4AwwDIANAChgKIAo0CmAKhAq8CswK6AsMCyALVAtgC6gLtAvIAAAAAAAACAQAAAAAAAAAoAAAAAAAAAAAAAAAAAAAC9A==}}

@book{slater-etal:presence-searis:2010,
	Date-Added = {2009-10-28 10:30:28 +0100},
	Date-Modified = {2010-11-08 19:13:49 +0100},
	Editor = {Slater, Mel and Steed, Anthony and Latoschik, Marc Erich and Reiners, Dirk},
	Number = {2},
	Publisher = {{MIT} Press},
	Title = {{PRESENCE} journal special issue: Reflections on the Design and Implementation of Virtual Environment Systems},
	Volume = {19},
	Year = {2010}}

@proceedings{searis:2010,
	Abstract = {Welcome to SEARIS 2010! We are delighted to rerun this workshop at IEEE VR in Waltham, Massachusetts for the third time, really making it an annual event. We hope this continues to be a place for discussing the state of the art on Software Engineering in our field.
Several approaches have been developed and utilized in the field of Real-time Interac-tive Systems (RIS) in the past two decades. Virtual, Augmented, Virtualized, in general Mixed Realities, as well as real-time simulation and computer games led to manifold in-spiring solutions for RIS developments in research and production. However, it is an ongoing challenge to identify and separate both, novel results and well known solutions in any new system. The goal of this workshop is to analyze and structure the current state-of-the-art in RIS software engineering and architectures. We want to identify common as well as novel paradigms, concepts, methods, and techniques that support technical developments required in this field. A unified presentation of systems will al-low us to support research and development in a more efficient way, and will provide a valuable source of information for future developments. The workshop series is an inte-grated attempt to address the complex issue of RIS development and to summarize the work our community is doing. 
SEARIS provides a forum for researchers and practitioners working on the design, de-velopment, and support of real-time interactive systems which span from VR, AR, and MR environments to novel Human-Computer-Interaction systems and entertainment applications. After successful SEARIS workshops in 2008 and 2009, the follow-up pro-ceeds to establish a sustainable community shaping a common understanding, deriving common paradigms, developing useful and necessary methods and techniques, and fos-tering new ideas. 
This year's proceedings contain 14 accepted contributions, which add to the ideas and discussions of the community from the past SEARIS Workshop's in 2008 and 2009. All contributions are also available online (http://www.searis.net).
Various hot-topics have been identified from the current scientific discussion and have been presented and discussed in different sessions. The contributions could be grouped according to several aspects. In fact, it is one of the workshop's goals to identify such key aspects and many authors are shedding light onto several key issues. We grouped the papers into four main sections: 

*	Concepts, Methods and Techniques
*	Frameworks & Specific Architectures
*	Behavior & Dataflow
*	Distribution

The target audience for the SEARIS workshop series and its publications are researchers and developers from VR/AR as well as from technically close fields like ambient or per-vasive computing and - of course - the computer games community. 
We would like to thank all people who made this workshop a reality. First, to the work-shop chairs at IEEE VR for their support and willingness to accept our proposal. Next, to all people who submitted papers to this track, either accepted or not. They are the heart and soul of this workshop and the starting point to the discussion we would like to fos-ter. Finally, we also like to thank the attendees of the workshop for their active interest in this research area.

Marc Erich Latoschik (Bayreuth University, Germany) 
Dirk Reiners (University of Louisiana, Lafayette, USA) 
Roland Blach (CC Virtual Environments Fraunhofer IAO Stuttgart, Germany) 
Pablo Figueroa (Universidad de los Andes, Bogota, Colombia) 
Raimund Dachselt (Otto von Guericke University of Magdeburg, Germany)
},
	Date-Added = {2009-10-28 10:47:25 +0100},
	Date-Modified = {2010-11-08 19:05:14 +0100},
	Editor = {Latoschik, Marc Erich and Reiners, Dirk and Blach, Roland and Figueroa, Pablo and Dachselt, Raimund},
	Publisher = {Shaker Verlag},
	Title = {Software Engineering and Architectures for Realtime Interactive Systems (SEARIS), proceedings of the {IEEE} {V}irtual {R}eality 2010 workshop},
	Year = {2010},
	Bdsk-File-1 = {YnBsaXN0MDDUAQIDBAUGJCVYJHZlcnNpb25YJG9iamVjdHNZJGFyY2hpdmVyVCR0b3ASAAGGoKgHCBMUFRYaIVUkbnVsbNMJCgsMDxJXTlMua2V5c1pOUy5vYmplY3RzViRjbGFzc6INDoACgAOiEBGABIAFgAdccmVsYXRpdmVQYXRoWWFsaWFzRGF0YV8QMy4uLy4uL3JlcG9zaXRvcmllcy9wdWJsaWNhdGlvbnMvbGF0b3NjaGlrLTIwMTBhLnBkZtIXCxgZV05TLmRhdGFPEQG2AAAAAAG2AAIAAAxNYWNpbnRvc2ggSEQAAAAAAAAAAAAAAAAAAADKuVN0SCsAAAAMshwTbGF0b3NjaGlrLTIwMTBhLnBkZgAAAAAAAAAAAAAAAAAAAAAAAAAAAAAAAAAAAAAAAAAAAAAAAAAAAAAAAAAAAAyzncerC9YAAAAAAAAAAAACAAMAAAkgAAAAAAAAAAAAAAAAAAAADHB1YmxpY2F0aW9ucwAQAAgAAMq5N1QAAAARAAgAAMeq/cYAAAABABAADLIcAAyBPAAFHt8AAMAjAAIASU1hY2ludG9zaCBIRDpVc2VyczoAbWFyYzoAcmVwb3NpdG9yaWVzOgBwdWJsaWNhdGlvbnM6AGxhdG9zY2hpay0yMDEwYS5wZGYAAA4AKAATAGwAYQB0AG8AcwBjAGgAaQBrAC0AMgAwADEAMABhAC4AcABkAGYADwAaAAwATQBhAGMAaQBuAHQAbwBzAGgAIABIAEQAEgA4VXNlcnMvbWFyYy9yZXBvc2l0b3JpZXMvcHVibGljYXRpb25zL2xhdG9zY2hpay0yMDEwYS5wZGYAEwABLwAAFQACAAv//wAAgAbSGxwdHlokY2xhc3NuYW1lWCRjbGFzc2VzXU5TTXV0YWJsZURhdGGjHR8gVk5TRGF0YVhOU09iamVjdNIbHCIjXE5TRGljdGlvbmFyeaIiIF8QD05TS2V5ZWRBcmNoaXZlctEmJ1Ryb290gAEACAARABoAIwAtADIANwBAAEYATQBVAGAAZwBqAGwAbgBxAHMAdQB3AIQAjgDEAMkA0QKLAo0CkgKdAqYCtAK4Ar8CyALNAtoC3QLvAvIC9wAAAAAAAAIBAAAAAAAAACgAAAAAAAAAAAAAAAAAAAL5}}

@inproceedings{lukas:2010,
	Abstract = {Dieser Artikel beschreibt ein System zur Umsetzung multimodaler Interaktionen in Systemen der Virtual, Augmented  und Mixed Reality. Die Bewegungen eines Benutzers werden {\"u}ber ein Marker-gest{\"u}tztes Infrarottrackingsystem einer Zeitreihen- und Featureanalyse unterworfen. Die folgende Gestenerkennung klassifiziert Bewegungsmuster {\"u}ber ein konnektionistisches Lernverfahren mittels neuronaler Netze. Neben der reinen Klassifikation werden relevante Bewegungsdaten korreliert, um eine sp{\"a}tere Auswertung der spatialen Gestenexpression zu erm{\"o}glichen. Die Fusion der gestischen und sprachlichen Eingaben verwendet einen Unifikationsansatz f{\"u}r multimodale Grammatiken. F{\"u}r den Kontext interaktiver Systeme wurde  der zugrundeliegende Chart-Parser um die M{\"o}glichkeit 
einer inkrementellen Verarbeitung erweitert. So genannte Featlets erm{\"o}glichen eine vereinheitlichte Verarbeitung der Sprach- und Gesteneinheiten innerhalb der Unifikation. Der Fusionsprozess verwendet dabei sowohl eine semantische wie auch eine temporale Zuordnung. Der atomare Unifikationsschritt bleibt universell, alternative Relationen erm{\"o}glichen ein variables Agreement. Die Eingabeverarbeitungskomponenten werden unter Benutzung des Actor-Models lose an eine VR/AR-Middleware gekoppelt.},
	Author = {Lukas, Lutz and Schw{\"a}gerl, Felix and Latoschik, Marc Erich},
	Booktitle = {Virtuelle und {E}rweiterte {R}ealit{\"a}t, 7. Workshop of the {GI} special interest group {VR/AR}},
	Date-Added = {2010-10-04 16:57:44 +0200},
	Date-Modified = {2011-08-04 13:56:24 +0200},
	Editor = {Blach, Roland and Bohn, Christian-A.},
	Organization = {Gesellschaft f{\"u}r Informatik},
	Pages = {145--156},
	Publisher = {Shaker Verlag},
	Title = {{U}nifikationsbasierte {S}prach-{G}esten {F}usion f{\"u}r {M}ultimodale {VR/AR}-{S}chnittstellen},
	Year = {2010},
	Bdsk-File-1 = {YnBsaXN0MDDUAQIDBAUGJCVYJHZlcnNpb25YJG9iamVjdHNZJGFyY2hpdmVyVCR0b3ASAAGGoKgHCBMUFRYaIVUkbnVsbNMJCgsMDxJXTlMua2V5c1pOUy5vYmplY3RzViRjbGFzc6INDoACgAOiEBGABIAFgAdccmVsYXRpdmVQYXRoWWFsaWFzRGF0YV8QLi4uLy4uL3JlcG9zaXRvcmllcy9wdWJsaWNhdGlvbnMvbHVrYXMtMjAxMC5wZGbSFwsYGVdOUy5kYXRhTxEBogAAAAABogACAAAMTWFjaW50b3NoIEhEAAAAAAAAAAAAAAAAAAAAyrlTdEgrAAAADLIcDmx1a2FzLTIwMTAucGRmAAAAAAAAAAAAAAAAAAAAAAAAAAAAAAAAAAAAAAAAAAAAAAAAAAAAAAAAAAAAAAAAAAAMs6rI6fWDAAAAAAAAAAAAAgADAAAJIAAAAAAAAAAAAAAAAAAAAAxwdWJsaWNhdGlvbnMAEAAIAADKuTdUAAAAEQAIAADI6dljAAAAAQAQAAyyHAAMgTwABR7fAADAIwACAERNYWNpbnRvc2ggSEQ6VXNlcnM6AG1hcmM6AHJlcG9zaXRvcmllczoAcHVibGljYXRpb25zOgBsdWthcy0yMDEwLnBkZgAOAB4ADgBsAHUAawBhAHMALQAyADAAMQAwAC4AcABkAGYADwAaAAwATQBhAGMAaQBuAHQAbwBzAGgAIABIAEQAEgAzVXNlcnMvbWFyYy9yZXBvc2l0b3JpZXMvcHVibGljYXRpb25zL2x1a2FzLTIwMTAucGRmAAATAAEvAAAVAAIAC///AACABtIbHB0eWiRjbGFzc25hbWVYJGNsYXNzZXNdTlNNdXRhYmxlRGF0YaMdHyBWTlNEYXRhWE5TT2JqZWN00hscIiNcTlNEaWN0aW9uYXJ5oiIgXxAPTlNLZXllZEFyY2hpdmVy0SYnVHJvb3SAAQAIABEAGgAjAC0AMgA3AEAARgBNAFUAYABnAGoAbABuAHEAcwB1AHcAhACOAL8AxADMAnICdAJ5AoQCjQKbAp8CpgKvArQCwQLEAtYC2QLeAAAAAAAAAgEAAAAAAAAAKAAAAAAAAAAAAAAAAAAAAuA=}}

@inproceedings{rodrigues:2009,
	Author = {Rodrigues, F{\'a}bio and Ferraz, Rodrigo and Cabral, M{\'a}rcio and Teubl, Fernando and Belloc, Olavo and Kondo, Marcia and Zuffo, Marcelo and Lopes, Roseli},
	Crossref = {searis:2009},
	Date-Added = {2010-09-24 17:26:02 +0200},
	Date-Modified = {2010-09-24 17:32:11 +0200},
	Pages = {17-24},
	Title = {Coupling Virtual Reality Open Source Software Using Message Oriented Middleware}}

@inproceedings{rehfeld-latoschik:parallelisierung:2009,
	Author = {Rehfeld, Stephan and Latoschik, Marc Erich},
	Booktitle = {{V}irtuelle und {E}rweiterte {R}ealit{\"a}t, 6. {W}orkshop of the {GI} {VR} \& {AR} special interest group},
	Date-Added = {2009-11-22 08:00:20 +0100},
	Date-Modified = {2009-11-22 08:12:32 +0100},
	Editor = {Gerndt, Andreas and Latoschik, Marc Erich},
	Pages = {73-89},
	Publisher = {Shaker Verlag},
	Title = {Parallelisierung von {T}raverser-{O}perationen in {D}atenflussnetzen},
	Year = {2009},
	Bdsk-File-1 = {YnBsaXN0MDDUAQIDBAUGJCVYJHZlcnNpb25YJG9iamVjdHNZJGFyY2hpdmVyVCR0b3ASAAGGoKgHCBMUFRYaIVUkbnVsbNMJCgsMDxJXTlMua2V5c1pOUy5vYmplY3RzViRjbGFzc6INDoACgAOiEBGABIAFgAdccmVsYXRpdmVQYXRoWWFsaWFzRGF0YV8QMC4uLy4uL3JlcG9zaXRvcmllcy9wdWJsaWNhdGlvbnMvcmVoZmVsZC0yMDA5LnBkZtIXCxgZV05TLmRhdGFPEQGqAAAAAAGqAAIAAAxNYWNpbnRvc2ggSEQAAAAAAAAAAAAAAAAAAADKuVN0SCsAAAAMshwQcmVoZmVsZC0yMDA5LnBkZgAAAAAAAAAAAAAAAAAAAAAAAAAAAAAAAAAAAAAAAAAAAAAAAAAAAAAAAAAAAAAAAAyz9Mjp9YsAAAAAAAAAAAACAAMAAAkgAAAAAAAAAAAAAAAAAAAADHB1YmxpY2F0aW9ucwAQAAgAAMq5N1QAAAARAAgAAMjp2WsAAAABABAADLIcAAyBPAAFHt8AAMAjAAIARk1hY2ludG9zaCBIRDpVc2VyczoAbWFyYzoAcmVwb3NpdG9yaWVzOgBwdWJsaWNhdGlvbnM6AHJlaGZlbGQtMjAwOS5wZGYADgAiABAAcgBlAGgAZgBlAGwAZAAtADIAMAAwADkALgBwAGQAZgAPABoADABNAGEAYwBpAG4AdABvAHMAaAAgAEgARAASADVVc2Vycy9tYXJjL3JlcG9zaXRvcmllcy9wdWJsaWNhdGlvbnMvcmVoZmVsZC0yMDA5LnBkZgAAEwABLwAAFQACAAv//wAAgAbSGxwdHlokY2xhc3NuYW1lWCRjbGFzc2VzXU5TTXV0YWJsZURhdGGjHR8gVk5TRGF0YVhOU09iamVjdNIbHCIjXE5TRGljdGlvbmFyeaIiIF8QD05TS2V5ZWRBcmNoaXZlctEmJ1Ryb290gAEACAARABoAIwAtADIANwBAAEYATQBVAGAAZwBqAGwAbgBxAHMAdQB3AIQAjgDBAMYAzgJ8An4CgwKOApcCpQKpArACuQK+AssCzgLgAuMC6AAAAAAAAAIBAAAAAAAAACgAAAAAAAAAAAAAAAAAAALq}}

@inproceedings{froelichetal:iconic:2009,
	Author = {Fr{\"o}hlich, Christian and Biermann, Peter and Latoschik, Marc Erich and Wachsmuth, Ipke},
	Booktitle = {Gesture-Based Human-Computer Interaction and Simulation},
	Date-Modified = {2010-11-08 18:58:16 +0100},
	Editor = {Dias, M. and Gibet, S. and Wanderley, M. M. and Bastos, R.},
	Number = {5085},
	Owner = {Marc Erich Latoschik},
	Pages = {187-192},
	Publisher = {Springer},
	Series = {LNAI},
	Timestamp = {2009.06.04},
	Title = {Processing iconic gestures in a multimodal virtual construction environment},
	Year = {2009},
	Bdsk-File-1 = {YnBsaXN0MDDUAQIDBAUGJCVYJHZlcnNpb25YJG9iamVjdHNZJGFyY2hpdmVyVCR0b3ASAAGGoKgHCBMUFRYaIVUkbnVsbNMJCgsMDxJXTlMua2V5c1pOUy5vYmplY3RzViRjbGFzc6INDoACgAOiEBGABIAFgAdccmVsYXRpdmVQYXRoWWFsaWFzRGF0YW8QMgAuAC4ALwAuAC4ALwByAGUAcABvAHMAaQB0AG8AcgBpAGUAcwAvAHAAdQBiAGwAaQBjAGEAdABpAG8AbgBzAC8AZgByAG8DCABoAGwAaQBjAGgALQAyADAAMAA5AC4AcABkAGbSFwsYGVdOUy5kYXRhTxEBsgAAAAABsgACAAAMTWFjaW50b3NoIEhEAAAAAAAAAAAAAAAAAAAAyrlTdEgrAAAADLIcEWZymmhsaWNoLTIwMDkucGRmAAAAAAAAAAAAAAAAAAAAAAAAAAAAAAAAAAAAAAAAAAAAAAAAAAAAAAAAAAAAAAAMs0jI6fV9AAAAAAAAAAAAAgADAAAJIAAAAAAAAAAAAAAAAAAAAAxwdWJsaWNhdGlvbnMAEAAIAADKuTdUAAAAEQAIAADI6dldAAAAAQAQAAyyHAAMgTwABR7fAADAIwACAEdNYWNpbnRvc2ggSEQ6VXNlcnM6AG1hcmM6AHJlcG9zaXRvcmllczoAcHVibGljYXRpb25zOgBmcppobGljaC0yMDA5LnBkZgAADgAmABIAZgByAG8DCABoAGwAaQBjAGgALQAyADAAMAA5AC4AcABkAGYADwAaAAwATQBhAGMAaQBuAHQAbwBzAGgAIABIAEQAEgA4VXNlcnMvbWFyYy9yZXBvc2l0b3JpZXMvcHVibGljYXRpb25zL2Zyb8yIaGxpY2gtMjAwOS5wZGYAEwABLwAAFQACAAv//wAAgAbSGxwdHlokY2xhc3NuYW1lWCRjbGFzc2VzXU5TTXV0YWJsZURhdGGjHR8gVk5TRGF0YVhOU09iamVjdNIbHCIjXE5TRGljdGlvbmFyeaIiIF8QD05TS2V5ZWRBcmNoaXZlctEmJ1Ryb290gAEACAARABoAIwAtADIANwBAAEYATQBVAGAAZwBqAGwAbgBxAHMAdQB3AIQAjgD1APoBAgK4AroCvwLKAtMC4QLlAuwC9QL6AwcDCgMcAx8DJAAAAAAAAAIBAAAAAAAAACgAAAAAAAAAAAAAAAAAAAMm}}

@proceedings{searis:2009,
	Abstract = {Several approaches have been developed and utilized in the field of Realtime Interactive Systems (RIS) in the past two decades. Virtual, Augmented, Virtualized, in general Mixed Realities, as well as real‐time simulations and computer games led to manifold inspiring solutions for RIS developments in research and production. However, it is an ongoing challenge to identify and separate both novel results and well known solutions in any new system. The goal of this workshop is to analyze and structure the current state of the art in RIS software engineering and architectures. We want to identify common as well as novel paradigms, concepts, methods, and techniques that support technical de‐ velopments required in this field. A unified presentation of systems will allow us to sup‐ port research and development in a more efficient way, and will provide a valuable source of information for future developments. This workshop is our first integrated attempt to address the complex issue of RIS development and to summarize the work our community is doing.

SEARIS provides a forum for researchers and practitioners working on the design, de‐ velopment, and support of Realtime Interactive Systems which span from VR, AR, and MR environments to novel Human‐Computer‐Interaction systems and entertainment applications. After a successful initial SEARIS workshop in 2008, this first follow‐up proceeds to establish a sustainable community shaping a common understanding, deriv‐ ing common paradigms, developing useful and necessary methods and techniques, and fostering new ideas. This year's workshop at IEEE VR 2009 has built on our previous experiences at SEARIS 2008 and fostered an interactive, discussion‐like exchange format as opposed to rather traditional paper presentations.
We have been delighted to be again part of the program of IEEE VR 2009 in Lafayette, Louisiana. The proceedings contain 11 accepted contributions, which add on to the ideas and discussions the community has collected during the first SEARIS Workshop in 2008 and are also available online at http://www.searis.net/.
Various hot topics have been identified from the current scientific discussion and have been presented and discussed in different panels. The contributions could be grouped according to several aspects. In fact, it is one of the workshop's goals to identify such key aspects and many authors are shedding light onto several key issues.

We grouped the papers into 4 main sections:
‐ Specific System Architectures ‐ Modeling and Abstraction ‐ Subsystems of RIS ‐ Methodology and Patterns
The target audience for the SEARIS workshop series and its publications are researchers and developers from VR/AR as well as from technically close fields like ambi‐ ent/pervasive computing and ‐ of course ‐ the computer games community.
We would like to thank all people who made this workshop a reality. First, to the work‐ shop chairs at IEEE VR for their support and willingness to accept our proposal. Next, to all people who submitted papers to this track, either accepted or not. They are the heart and soul of this workshop and the starting point to the discussion we would like to fos‐ ter. Finally, to the attendees of the workshop, for their active interest in this proposal.
Marc Erich Latoschik (Universit{\"a}t Bayreuth, Germany) Dirk Reiners (University of Louisiana, Lafayette, USA) Roland Blach (CC Virtual Environments Fraunhofer IAO Stuttgart, Germany) Pablo Figueroa (Universidad de los Andes Bogota, Colombia) Raimund Dachselt (Otto‐von‐Guericke‐Universit{\"a}t Magdeburg, Germany)},
	Date-Added = {2009-10-28 10:46:58 +0100},
	Date-Modified = {2010-11-08 19:08:54 +0100},
	Editor = {Latoschik, Marc Erich and Reiners, Dirk and Blach, Roland and Figueroa, Pablo and Dachselt, Raimund},
	Publisher = {Shaker Verlag},
	Title = {Software Engineering and Architectures for Realtime Interactive Systems (SEARIS), proceedings of the {IEEE} {V}irtual {R}eality 2009 workshop},
	Year = {2009},
	Bdsk-File-1 = {YnBsaXN0MDDUAQIDBAUGJCVYJHZlcnNpb25YJG9iamVjdHNZJGFyY2hpdmVyVCR0b3ASAAGGoKgHCBMUFRYaIVUkbnVsbNMJCgsMDxJXTlMua2V5c1pOUy5vYmplY3RzViRjbGFzc6INDoACgAOiEBGABIAFgAdccmVsYXRpdmVQYXRoWWFsaWFzRGF0YV8QMi4uLy4uL3JlcG9zaXRvcmllcy9wdWJsaWNhdGlvbnMvbGF0b3NjaGlrLTIwMDkucGRm0hcLGBlXTlMuZGF0YU8RAbIAAAAAAbIAAgAADE1hY2ludG9zaCBIRAAAAAAAAAAAAAAAAAAAAMq5U3RIKwAAAAyyHBJsYXRvc2NoaWstMjAwOS5wZGYAAAAAAAAAAAAAAAAAAAAAAAAAAAAAAAAAAAAAAAAAAAAAAAAAAAAAAAAAAAAADLObxo568gAAAAAAAAAAAAIAAwAACSAAAAAAAAAAAAAAAAAAAAAMcHVibGljYXRpb25zABAACAAAyrk3VAAAABEACAAAxo5e0gAAAAEAEAAMshwADIE8AAUe3wAAwCMAAgBITWFjaW50b3NoIEhEOlVzZXJzOgBtYXJjOgByZXBvc2l0b3JpZXM6AHB1YmxpY2F0aW9uczoAbGF0b3NjaGlrLTIwMDkucGRmAA4AJgASAGwAYQB0AG8AcwBjAGgAaQBrAC0AMgAwADAAOQAuAHAAZABmAA8AGgAMAE0AYQBjAGkAbgB0AG8AcwBoACAASABEABIAN1VzZXJzL21hcmMvcmVwb3NpdG9yaWVzL3B1YmxpY2F0aW9ucy9sYXRvc2NoaWstMjAwOS5wZGYAABMAAS8AABUAAgAL//8AAIAG0hscHR5aJGNsYXNzbmFtZVgkY2xhc3Nlc11OU011dGFibGVEYXRhox0fIFZOU0RhdGFYTlNPYmplY3TSGxwiI1xOU0RpY3Rpb25hcnmiIiBfEA9OU0tleWVkQXJjaGl2ZXLRJidUcm9vdIABAAgAEQAaACMALQAyADcAQABGAE0AVQBgAGcAagBsAG4AcQBzAHUAdwCEAI4AwwDIANAChgKIAo0CmAKhAq8CswK6AsMCyALVAtgC6gLtAvIAAAAAAAACAQAAAAAAAAAoAAAAAAAAAAAAAAAAAAAC9A==}}

@proceedings{gerndt:ARVR:2009,
	Abstract = {Die Fachgruppe Virtuelle und Erweiterte Realit{\"a}t der Gesellschaft
	f{\"u}r Informatik wurde im Jahr 2003 als Informationsplattform und
	Interessengemeinschaft gegr{\"u}ndet. Seit 2004 organisiert die Gruppe
	einen j{\"a}hrlich stattfindenden Workshop, der am 15. Juli 2007
	an der Bauhaus-Universit{\"a}t Weimar zu Gast ist. Dieser Band enth{\"a}lt
	die 22 ausgew{\"a}hlten Beitr{\"a}ge. Das Themenspektrum reicht von
	Mensch-Maschine-Interation {\"u}ber Simulations-, Projektions- und
	Rendertechnologien zu VR/AR-Anwendungszenarien. Wir sind besonders
	froh {\"u}ber die aktive Beteiligung vieler Nachwuchsforscher und
	Studenten -- ein Indiz f{\"u}r die anhaltende Attraktivit{\"a}t und
	Aktualit{\"a}t der Zukunftstechnologien Virtual Reality und Augmented
	Reality. Besonderer Dank gilt dem Programmkomitee und den vielen
	Helfern bei der lokalen Organisation, ohne deren Unterst{\"u}tzung
	die Organisation und Durchf{\"u}hrung dieser Veranstaltung nicht
	m{\"o}glich gewesen w{\"a}re. Wir freuen uns auf eine interessante
	Veranstaltung mit lebhaften Diskussionen.},
	Date-Added = {2009-10-24 10:08:06 +0200},
	Date-Modified = {2009-11-20 08:42:08 +0100},
	Editor = {Gerndt, Andreas and Latoschik, Marc Erich},
	Organization = {Gesellschaft f{\"u}r Informatik},
	Publisher = {Shaker Verlag},
	Title = {Virtuelle und {E}rweiterte {R}ealit{\"a}t, 6. Workshop of the {GI} special interest group {VR/AR}},
	Year = {2009}}

@inproceedings{froelichetal:vwerk:2009,
	Author = {Fr{\"o}hlich, Christian and Latoschik, Marc Erich and Wachsmuth, Ipke},
	Booktitle = {8. {P}aderborner {W}orkshop {A}ugmented \& {V}irtual {R}eality in der {P}roduktentstehung},
	Date-Modified = {2010-11-08 18:58:45 +0100},
	Editor = {und M. Grafe, J. Gausemeier},
	Owner = {Marc Erich Latoschik},
	Pages = {241-255},
	Publisher = {Paderborn: HNI},
	Rating = {2},
	Timestamp = {2009.06.04},
	Title = {{V}irtuelle {W}erkstatt -- {M}ultimodale {I}nteraktion f{\"u}r intelligente virtuelle {K}onstruktion},
	Year = {2009},
	Bdsk-File-1 = {YnBsaXN0MDDUAQIDBAUGJCVYJHZlcnNpb25YJG9iamVjdHNZJGFyY2hpdmVyVCR0b3ASAAGGoKgHCBMUFRYaIVUkbnVsbNMJCgsMDxJXTlMua2V5c1pOUy5vYmplY3RzViRjbGFzc6INDoACgAOiEBGABIAFgAdccmVsYXRpdmVQYXRoWWFsaWFzRGF0YW8QMwAuAC4ALwAuAC4ALwByAGUAcABvAHMAaQB0AG8AcgBpAGUAcwAvAHAAdQBiAGwAaQBjAGEAdABpAG8AbgBzAC8AZgByAG8DCABoAGwAaQBjAGgALQAyADAAMAA5AGEALgBwAGQAZtIXCxgZV05TLmRhdGFPEQG2AAAAAAG2AAIAAAxNYWNpbnRvc2ggSEQAAAAAAAAAAAAAAAAAAADKuVN0SCsAAAAMshwSZnKaaGxpY2gtMjAwOWEucGRmAAAAAAAAAAAAAAAAAAAAAAAAAAAAAAAAAAAAAAAAAAAAAAAAAAAAAAAAAAAAAAyzScjp9X0AAAAAAAAAAAACAAMAAAkgAAAAAAAAAAAAAAAAAAAADHB1YmxpY2F0aW9ucwAQAAgAAMq5N1QAAAARAAgAAMjp2V0AAAABABAADLIcAAyBPAAFHt8AAMAjAAIASE1hY2ludG9zaCBIRDpVc2VyczoAbWFyYzoAcmVwb3NpdG9yaWVzOgBwdWJsaWNhdGlvbnM6AGZymmhsaWNoLTIwMDlhLnBkZgAOACgAEwBmAHIAbwMIAGgAbABpAGMAaAAtADIAMAAwADkAYQAuAHAAZABmAA8AGgAMAE0AYQBjAGkAbgB0AG8AcwBoACAASABEABIAOVVzZXJzL21hcmMvcmVwb3NpdG9yaWVzL3B1YmxpY2F0aW9ucy9mcm/MiGhsaWNoLTIwMDlhLnBkZgAAEwABLwAAFQACAAv//wAAgAbSGxwdHlokY2xhc3NuYW1lWCRjbGFzc2VzXU5TTXV0YWJsZURhdGGjHR8gVk5TRGF0YVhOU09iamVjdNIbHCIjXE5TRGljdGlvbmFyeaIiIF8QD05TS2V5ZWRBcmNoaXZlctEmJ1Ryb290gAEACAARABoAIwAtADIANwBAAEYATQBVAGAAZwBqAGwAbgBxAHMAdQB3AIQAjgD3APwBBAK+AsACxQLQAtkC5wLrAvIC+wMAAw0DEAMiAyUDKgAAAAAAAAIBAAAAAAAAACgAAAAAAAAAAAAAAAAAAAMs}}

@article{Pfeiffer:2009ab,
	Abstract = {Tracking user's visual attention is a fundamental aspect in novel
	human-computer interaction paradigms found in Virtual Reality. For
	example, multimodal interfaces or dialogue-based communications with
	virtual and real agents greatly benefit from the analysis of the
	user's visual attention as a vital source for deictic references
	or turn-taking signals. Current approaches to determine visual attention
	rely primarily on monocular eye trackers. Hence they are restricted
	to the interpretation of two-dimensional fixations relative to a
	defined area of projection. The study presented in this article compares
	precision, accuracy and application performance of two binocular
	eye tracking devices. Two algorithms are compared which derive depth
	information as required for visual attention-based 3D interfaces.
	This information is further applied to an improved VR selection task
	in which a binocular eye tracker and an adaptive neural network algorithm
	is used during the disambiguation of partly occluded objects.},
	Author = {Pfeiffer, Thies and Latoschik, Marc E. and Wachsmuth, Ipke},
	Date-Modified = {2010-10-28 07:08:11 +0200},
	Doi = {urn:nbn:de:0009-6-16605},
	Editor = {Herder, Jens},
	Issn = {1860-2037},
	Journal = {Journal of Virtual Reality and Broadcasting},
	Month = dec,
	Number = {16},
	Owner = {Marc Erich Latoschik},
	Timestamp = {2009.06.04},
	Title = {Evaluation of Binocular Eye Trackers and Algorithms for {3D} Gaze Interaction in Virtual Reality Environments},
	Url = {http://trinity.inf.uni-bayreuth.de/download/evaluation-of-eyetrackers-JVRB08.pdf},
	Volume = {5},
	Year = {2008},
	Bdsk-File-1 = {YnBsaXN0MDDUAQIDBAUGJCVYJHZlcnNpb25YJG9iamVjdHNZJGFyY2hpdmVyVCR0b3ASAAGGoKgHCBMUFRYaIVUkbnVsbNMJCgsMDxJXTlMua2V5c1pOUy5vYmplY3RzViRjbGFzc6INDoACgAOiEBGABIAFgAdccmVsYXRpdmVQYXRoWWFsaWFzRGF0YV8QMS4uLy4uL3JlcG9zaXRvcmllcy9wdWJsaWNhdGlvbnMvcGZlaWZmZXItMjAwOC5wZGbSFwsYGVdOUy5kYXRhTxEBrgAAAAABrgACAAAMTWFjaW50b3NoIEhEAAAAAAAAAAAAAAAAAAAAyrlTdEgrAAAADLIcEXBmZWlmZmVyLTIwMDgucGRmAAAAAAAAAAAAAAAAAAAAAAAAAAAAAAAAAAAAAAAAAAAAAAAAAAAAAAAAAAAAAAAMs+HI6fWJAAAAAAAAAAAAAgADAAAJIAAAAAAAAAAAAAAAAAAAAAxwdWJsaWNhdGlvbnMAEAAIAADKuTdUAAAAEQAIAADI6dlpAAAAAQAQAAyyHAAMgTwABR7fAADAIwACAEdNYWNpbnRvc2ggSEQ6VXNlcnM6AG1hcmM6AHJlcG9zaXRvcmllczoAcHVibGljYXRpb25zOgBwZmVpZmZlci0yMDA4LnBkZgAADgAkABEAcABmAGUAaQBmAGYAZQByAC0AMgAwADAAOAAuAHAAZABmAA8AGgAMAE0AYQBjAGkAbgB0AG8AcwBoACAASABEABIANlVzZXJzL21hcmMvcmVwb3NpdG9yaWVzL3B1YmxpY2F0aW9ucy9wZmVpZmZlci0yMDA4LnBkZgATAAEvAAAVAAIAC///AACABtIbHB0eWiRjbGFzc25hbWVYJGNsYXNzZXNdTlNNdXRhYmxlRGF0YaMdHyBWTlNEYXRhWE5TT2JqZWN00hscIiNcTlNEaWN0aW9uYXJ5oiIgXxAPTlNLZXllZEFyY2hpdmVy0SYnVHJvb3SAAQAIABEAGgAjAC0AMgA3AEAARgBNAFUAYABnAGoAbABuAHEAcwB1AHcAhACOAMIAxwDPAoECgwKIApMCnAKqAq4CtQK+AsMC0ALTAuUC6ALtAAAAAAAAAgEAAAAAAAAAKAAAAAAAAAAAAAAAAAAAAu8=},
	Bdsk-Url-1 = {http://trinity.inf.uni-bayreuth.de/download/evaluation-of-eyetrackers-JVRB08.pdf},
	Bdsk-Url-2 = {http://dx.doi.org/0009-6-16605}}

@inproceedings{Pfeiffer:2008aa,
	Abstract = {Interaction in conversational interfaces strongly relies on the sys-
	
	
	 tem's capability to interpret the user's references to objects via
	de-
	
	 ictic expressions. Deictic gestures, especially pointing gestures,
	
	
	 provide a powerful way of referring to objects and places, e.g.,
	
	 when communicating with an Embodied Conversational Agent in
	
	 a Virtual Reality Environment. We highlight results drawn from a
	
	 study on pointing and draw conclusions for the implementation of
	
	 pointing-based conversational interactions in partly immersive Vir-
	
	
	 tual Reality.},
	Author = {Pfeiffer, Thies and Latoschik, Marc Erich and Wachsmuth, Ipke},
	Booktitle = {Proceedings of the IEEE VR 2008},
	Date-Added = {2008-11-22 09:16:46 +0100},
	Date-Modified = {2009-10-28 10:53:40 +0100},
	Editor = {Lin, Ming and Steed, Anthony and Cruz-Neira, Carolina},
	Pages = {281-282},
	Publisher = {ACM},
	Title = {Conversational Pointing Gestures for Virtual Reality Interaction: Implications from an Empirical Study},
	Url = {http://trinity.inf.uni-bayreuth.de/download/conversational-pointing-IEEEVR08.pdf},
	Year = {2008},
	Bdsk-Url-1 = {http://trinity.inf.uni-bayreuth.de/download/conversational-pointing-IEEEVR08.pdf}}

@inproceedings{Mannus:2008aa,
	Author = {Mannu{\ss}, Florian and Hinkenjann, Andr{\'e} and Maiero, Jens},
	Booktitle = {Software Engineering and Architectures for Realtime Interactive Systems (SEARIS), proceedings of the {IEEE} {V}irtual {R}eality 2008 workshop},
	Crossref = {searis:2008},
	Date-Added = {2008-10-02 08:27:03 +0200},
	Date-Modified = {2009-11-22 08:14:51 +0100},
	Pages = {37-40},
	Title = {From Scene Graph Centered to Entity Centered Virtual Environments},
	Year = {2008}}

@inproceedings{latoschik:2008,
	Author = {Lesage, Jean-Denis and Raffin, Bruno},
	Crossref = {searis:2008},
	Date-Added = {2010-08-10 09:47:29 +0200},
	Date-Modified = {2010-08-10 09:49:19 +0200},
	Title = {{High Performance Interactive Computing with FlowVR}}}

@inproceedings{Frohlich:2008aa,
	Abstract = {This paper illustrates the temporal synchronization and process flow
	
	
	 facilities of a real-time simulation system which is based on the
	ac-
	
	 tor model. The requirements of such systems are compared against
	
	 the actor model's basic features and structures. The paper describes
	
	
	 how a modular architecture benefits from the actor model on the
	
	 module level and points out how the actor model enhances paral-
	
	 lelism and concurrency even down to the entity level. The actor
	
	 idea is incorporated into a novel simulation core for intelligent
	vir-
	
	 tual environments (SCIVE). SCIVE supports well-known and es-
	
	 tablished Virtual Reality paradigms like the scene graph metaphor,
	
	
	 field routing concepts etc. In addition, SCIVE provides an explicit
	
	
	 semantic representation of its internals as well as of the specific
	
	
	 virtual environments' contents. SCIVE uses a knowledge represen-
	
	 tation layer (KRL) to tie together the participating modules of a
	
	
	 simulation system and reflects this information between the mod-
	
	 ules and processes. As a consequence, the actor model based tem-
	
	 poral relations are lifted to the KRL which in turn is implemented
	
	
	 by a real-time tailored semantic net base formalism. The modules'
	
	
	 process flow is henceforth described on the KRL. This high-level
	
	 description is extended down to the level of detailed function calls
	
	
	 between the modules. Functions, their parameters, and their return
	
	
	 values are reflected on the KRL. This provides an integrative se-
	
	 mantic description and interconnection layer uniformly accessible
	
	
	 a) for the incorporated technical modules and processes as well as
	
	
	 b) for the human designers and developers.},
	Author = {Fr{\"o}hlich, Christian and Latoschik, Marc Erich},
	Booktitle = {Software Engineering and Architectures for Realtime Interactive Systems (SEARIS), proceedings of the {IEEE} {V}irtual {R}eality 2008 workshop},
	Date-Added = {2008-10-02 08:32:16 +0200},
	Date-Modified = {2009-10-30 14:29:31 +0900},
	Pages = {61-64},
	Title = {Incorporating the Actor Model into SCIVE on an Abstract Semantic Level},
	Url = {http://trinity.inf.uni-bayreuth.de/download/incorporating-actor-model-SEARIS08.pdf},
	Year = {2008},
	Bdsk-Url-1 = {http://trinity.inf.uni-bayreuth.de/download/incorporating-actor-model-SEARIS08.pdf}}

@inproceedings{Bruning:2008aa,
	Abstract = {Motion Capturing (MoCap) erm{\"o}glicht realistische Bewegungen virtueller
	Agenten.
	
	 Hier wird ein System f{\"u}r die optische Bewegungserfassung und
	GPU-beschleunigte
	
	
	 Bewegungssynthese vorgestellt. Das Verfahren ber{\"u}cksichtigt Clusterumgebungen
	heutiger VR
	
	 Systeme. Mittels eines optischen Trackingsystems werden die Bewegungen
	eines Benutzers in
	
	 einer immersiven virtuellen Umgebung auf Basis der Positions- und
	Ausrichtungsdaten einiger
	
	 Marker an signifikanten K{\"o}rperpunkten erfasst. Die {\"U}bertragung
	auf einen virtuellen Agenten
	
	 erfolgt interaktiv und unterst{\"u}tzt die Anpassung unterschiedlicher
	Skelettproportionen.
	
	 Signifikante Teile der ben{\"o}tigten kinematischen Berechnungen
	auf Basis einer Denavit-
	
	 Hartenberg-Repr{\"a}sentation sowie die f{\"u}r die Animation des
	Agenten notwendigen
	
	 Meshdeformationen werden dabei in Echtzeit {\"u}ber eine GPU-basierte
	(GPU-Graphical
	
	 Processing Unit) Implementierung der Algorithmen realisiert.},
	Annote = {to be published},
	Author = {Br{\"u}ning, Bernhard Alexander and Latoschik, Marc Erich and Wachsmuth, Ipke},
	Booktitle = {{V}irtuelle und {E}rweiterte {R}ealit{\"a}t, 5. {W}orkshop of the {GI} {VR} \& {AR} special interest group},
	Date-Added = {2008-08-21 16:44:21 +0200},
	Date-Modified = {2008-11-22 09:22:09 +0100},
	Editor = {Schumann, Marco and Kuhlen, Torsten},
	Pages = {25-36},
	Publisher = {Shaker Verlag},
	Title = {{I}nteraktives {M}otion-{C}apturing zur {E}chtzeitanimation virtueller {A}genten},
	Url = {http://trinity.inf.uni-bayreuth.de/download/interaktives-mocap-GIVRAR08.pdf},
	Year = {2008},
	Bdsk-Url-1 = {http://trinity.inf.uni-bayreuth.de/download/interaktives-mocap-GIVRAR08.pdf}}

@inproceedings{figureoa:2008,
	Author = {Figureoa, Pablo},
	Crossref = {searis:2008},
	Date-Added = {2010-08-10 09:34:20 +0200},
	Date-Modified = {2010-08-10 09:37:30 +0200},
	Pages = {3--6},
	Title = {{InTml: Main Concepts, Examples. and Initial Lessons}}}

@inproceedings{Matthias-Bues:2008aa,
	Annote = {Points out the problem of field route semantics being to strict in some circumstances. Argues, that to mix field route semantics with procedural attachements results in unpredicted behavior.},
	Author = {Bues, Matthias and Gleue, Tim and Blach, Roland},
	Booktitle = {Software Engineering and Architectures for Realtime Interactive Systems (SEARIS), proceedings of the {IEEE} {V}irtual {R}eality 2008 workshop},
	Crossref = {searis:2008},
	Date-Added = {2008-10-03 12:46:23 +0200},
	Date-Modified = {2010-08-10 09:45:20 +0200},
	Pages = {7--11},
	Title = {Lightning: Dataflow in Motion},
	Year = {2008}}

@inproceedings{Feldmann:2008aa,
	Abstract = {Methoden der K{\"u}nstlichen Intelligenz (KI) nehmen einen zentralen
	Stellenwert
	
	
	 in der Entwicklung heutiger Computerspiele ein. Eine explizite lose
	Koppelung isolierter
	
	 KI-Module mit ben¨otigten Modulen zur graphischen, physikalischen
	und auditiven Simula-
	
	 tion etc. wird zusehends komplex und stellt eine kritische Schnittstelle
	innerhalb interakti-
	
	 ver Systeme dar. Dieses Paper dokumentiert eine alternative eng gekoppelte
	Modellierung
	
	 einer integrierenden Architektur basierend auf einer generellen semantischen
	Abstraktions-
	
	 schicht. Ein semantisches Netz f{\"u}hrt in der entworfenen Architektur
	die verschiedenartigen
	
	 Simulationsmodule zusammen und stellt die Grundlage f{\"u}r ein einheitliches
	Entwurfspara-
	
	 digma ''Semantic Reflection'' dar. Dieses findet hier f{\"u}r die
	Realisierung verschiedener ben{\"o}-
	
	 tigter KI-Verfahren im Computerspielekontext Anwendung. Am Beispiel
	der Pfadplanung,
	
	 der Entscheidungsfindung, der Verhaltenssteuerung, des Lernens sowie
	der Anbindung eines
	
	 Scriptinginferfaces werden die Vorteile dieses Ansatzes illustriert.},
	Annote = {to be published},
	Author = {Feldmann, Anton and Latoschik, Marc Erich},
	Booktitle = {{V}irtuelle und {E}rweiterte {R}ealit{\"a}t, 5. {W}orkshop of the {GI} {VR} \& {AR} special interest group},
	Date-Added = {2008-08-21 16:53:03 +0200},
	Date-Modified = {2008-11-22 09:22:31 +0100},
	Editor = {Schumann, Marco and Kuhlen, Torsten},
	Pages = {113-124},
	Publisher = {Shaker Verlag},
	Title = {Methoden der {K}{\"u}nstlichen {I}ntelligenz f{\"u}r {C}omputerspiele auf {B}asis semantischer {M}odelle interaktiver {VR}/{AR}-{S}ysteme},
	Url = {http://trinity.inf.uni-bayreuth.de/download/methoden-der-KI-in-spielen-GIVRAR08.pdf},
	Year = {2008},
	Bdsk-Url-1 = {http://trinity.inf.uni-bayreuth.de/download/methoden-der-KI-in-spielen-GIVRAR08.pdf}}

@inproceedings{larrode:2008,
	Annote = {Uses two communication mechanisms, data flow and event mode.},
	Author = {Larrod{\'e}, Xavier and Chanclou, Beno{\^\i}t and Aguerreche, Laurent and Arnaldi, Bruno},
	Booktitle = {Software Engineering and Architectures for Realtime Interactive Systems (SEARIS), proceedings of the {IEEE} {V}irtual {R}eality 2008 workshop},
	Crossref = {searis:2008},
	Date-Added = {2010-08-10 09:50:28 +0200},
	Date-Modified = {2010-08-10 09:59:34 +0200},
	Title = {{Open MASK: an Open-Source Plaform for Virtual Reality}}}

@inproceedings{latoschik-blach:semanic-modelling:2008,
	Abstract = {Engineering systems plays a central role in the development of suc-
	
	
	 cessful Virtual Reality (VR) and Augmented Reality (AR) appli-
	
	 cations. Increasing computational resources are utilized to build
	
	
	 increasingly complex artificial environments and extensive Human-
	
	 Computer Interaction (HCI) systems. These types of Realtime In-
	
	 teractive Systems (RIS) establish a closed HCI loop. They are char-
	
	
	 acterized as systems continuously analyzing users' input while con-
	
	
	 currently synthesizing appropriate output for several of the human
	
	 senses in real-time.},
	Annote = {to be published},
	Author = {Latoschik, Marc Erich and Blach, Roland},
	Booktitle = {Proceedings of the {ACM VRST} 2008},
	Date-Added = {2008-08-21 16:39:58 +0200},
	Date-Modified = {2010-02-23 15:05:08 +0100},
	Pages = {17-20},
	Rating = {5},
	Title = {{S}emantic {M}odelling for {V}irtual {W}orlds -- {A} {N}ovel {P}aradigm for {R}ealtime {I}nteractive {S}ystems?},
	Url = {http://trinity.inf.uni-bayreuth.de/download/semantic-modeling-for-VW-VRST08.pdf},
	Year = {2008},
	Bdsk-Url-1 = {http://trinity.inf.uni-bayreuth.de/download/semantic-modeling-for-VW-VRST08.pdf}}

@incollection{Latoschik:2008aa,
	Abstract = {From 1st to 6th June 2008, the Dagstuhl Seminar 08231 ``Virtual Realities''
	was held in the International Conference and Research Center (IBFI),
	Schloss Dagstuhl. Virtual Reality (VR) is a multidisciplinary area
	of research aimed at interactive human-computer mediated simulations
	of artificial environments. Typical applications include simulation,
	training, scientific visualization, and entertainment. An important
	aspect of VR-based systems is the stimulation of the human senses
	-- typically sight, sound, and touch -- such that a user feels a
	sense of presence (or immersion) in the virtual environment. Different
	applications require different levels of presence, with corresponding
	levels of realism, sensory immersion, and spatiotemporal interactive
	fidelity. During the seminar, several participants presented their
	current research, and ongoing work and open problems were discussed.
	Abstracts of the presentations given during the seminar as well as
	abstracts of seminar results and ideas are put together in this paper.
	Links to extended abstracts or full papers are provided, if available.
	
	
	 Article abstract:
	
	
	 The complexity of interactive 3D graphics systems continuously grows.
	Animated
	
	 virtual worlds require several processes to generate a believable
	and consistent
	
	 user impression. Advanced audio, physics, or AI-behaviors - to name
	a few - are
	
	 nowadays omnipresent in research as well as in entertainment applications.
	This
	
	 talk introduces a novel design and development paradigm for such
	interactive
	
	
	 and complex systems. ﰐSemantic Reﰝectionﰑ extends the well
	known reﰝection
	
	 principle of current programming languages using an explicit semantic
	layer. It
	
	 facilitates a uniform and integrative design of architectures, layouts,
	and inter-
	
	 faces even for complex systems. In addition, the paradigm provides
	an implicit
	
	 AI representation useful - if not necessary - in areas like, e.g.,
	multimodal inter-
	
	 action, physical simulation, or intelligent virtual agents.},
	Address = {Dagstuhl, Germany},
	Author = {Latoschik, Marc Erich},
	Booktitle = {Virtual Realities},
	Date-Added = {2008-10-31 07:46:51 +0100},
	Date-Modified = {2008-11-22 09:00:16 +0100},
	Editor = {Brunnett, Guido and Coquillart, Sabine and Welch, Greg},
	Publisher = {Schloss Dagstuhl - Leibniz-Zentrum fuer Informatik, Germany},
	Series = {Dagstuhl Seminar Proceedings},
	Title = {Semantic Reflection -- design and development of intelligent interactive 3D graphics systems},
	Url = {http://drops.dagstuhl.de/opus/volltexte/2008/1634},
	Year = {2008},
	Bdsk-Url-1 = {http://drops.dagstuhl.de/opus/volltexte/2008/1634}}

@proceedings{latoschik:2008to,
	Abstract = {Welcome to the first Workshop on Software Engineering and Architectures
	for Realtime Interactive Systems (SEARIS). We are delighted to be
	part of the program of IEEE VR 2008, in Reno, Nevada. These proceedings
	contain the 15 accepted contributions, which we believe are thought
	provoking and representative of the current state of the art in designing
	Virtual and Augmented Reality systems. We are expecting SEARIS to
	become the premier vent to publish and discuss these systems‐related
	issues, as there is currently no other veenue for these topics.
	
	
	 In previous years, several researchers have organized related workshops
	and loosely arranged themselves as an unofficial interest group during
	past events. Their goal was to create a forum where researchers from
	all directions in the broad field of Virtual and Augmented Reality
	can contribute and debate their respective technical approaches.
	This work‐ mshop provides a face‐to‐face opportunity to further
	support this emerging project. Several approaches have been developed
	and utilized in the field of Realtime Interactive Systems (RIS).
	Virtual, Augmented, Virtualized, in general Mixed Realities, as well
	as real‐ time simulation and computer games led to manifold inspiring
	solutions for RIS developments in research and production. However,
	it is an ongoing challenge to identify and sepa‐ rate both novel
	results and well known solutions in any new system. The goal of this
	workshop is to analyze and structure the current state‐of‐the‐art
	in RIS software engineering and architectures. We want to identify
	common as well as novel paradigms, concepts, methods, and techniques
	that support technical developments required in this field. A unified
	presentation of systems will allow us to support research and development
	in a more efficient way, and will provide a valuable source of information
	for future developments. This workshop is ur first integrated attempt
	to address the complex issue of RIS development and to sum‐ omarize
	the work our community is doing.
	
	
	 Arranging the contributions into sections of similar key aspects
	was a difficult process. Many contributions could be grouped according
	to several aspects. In fact, it is one of the workshop's goals to
	identify such key aspects and many authors are shedding light onto
	several ey issues. We apologize for any ambiguity here. In the end,
	we needed a good structure and ence we gr kh ouped the papers into
	4 main sections:
	
	
	 * Systems. Six development systems are presented (InTml, Lightning,
	FlowVR, OpenMASK VISTA, and MORGAN)
	
	 * Abstraction Is ‐ sues. Two papers address the issues of reusable
	VE platforms and alterna tives to scene graphs.
	
	 * Special Issues. In this section we collect papers related to the
	implementation of RIS in particular platforms, such as mobile systems,
	multi‐rate systems, and Mixed Reality.
	
	 * Semantic and Dynamic Modeling. The four papers in this section
	show models for expli‐ citly describing semantic (i.e. "a chair
	is on the floor") and dynamic information.},
	Date-Added = {2010-07-18 18:44:32 +0200},
	Date-Modified = {2010-07-18 18:45:48 +0200},
	Editor = {Latoschik, Marc Erich and Reiners, Dirk and Blach, Roland and Figueroa, Pablo and Dachselt, Raimund},
	Publisher = {Shaker Verlag},
	Title = {Software Engineering and Architectures for Realtime Interactive Systems (SEARIS), {P}roceedings of the annual {IEEE} {V}irtual {R}eality 2008--2010 workshops},
	Year = {2008--2010}}

@proceedings{searis:2008,
	Abstract = {Welcome to the first Workshop on Software Engineering and Architectures
	for Realtime Interactive Systems (SEARIS). We are delighted to be
	part of the program of IEEE VR 2008, in Reno, Nevada. These proceedings
	contain the 15 accepted contributions, which we believe are thought
	provoking and representative of the current state of the art in designing
	Virtual and Augmented Reality systems. We are expecting SEARIS to
	become the premier vent to publish and discuss these systems‐related
	issues, as there is currently no other veenue for these topics.
	
	
	 In previous years, several researchers have organized related workshops
	and loosely arranged themselves as an unofficial interest group during
	past events. Their goal was to create a forum where researchers from
	all directions in the broad field of Virtual and Augmented Reality
	can contribute and debate their respective technical approaches.
	This work‐ mshop provides a face‐to‐face opportunity to further
	support this emerging project. Several approaches have been developed
	and utilized in the field of Realtime Interactive Systems (RIS).
	Virtual, Augmented, Virtualized, in general Mixed Realities, as well
	as real‐ time simulation and computer games led to manifold inspiring
	solutions for RIS developments in research and production. However,
	it is an ongoing challenge to identify and sepa‐ rate both novel
	results and well known solutions in any new system. The goal of this
	workshop is to analyze and structure the current state‐of‐the‐art
	in RIS software engineering and architectures. We want to identify
	common as well as novel paradigms, concepts, methods, and techniques
	that support technical developments required in this field. A unified
	presentation of systems will allow us to support research and development
	in a more efficient way, and will provide a valuable source of information
	for future developments. This workshop is ur first integrated attempt
	to address the complex issue of RIS development and to sum‐ omarize
	the work our community is doing.
	
	
	 Arranging the contributions into sections of similar key aspects
	was a difficult process. Many contributions could be grouped according
	to several aspects. In fact, it is one of the workshop's goals to
	identify such key aspects and many authors are shedding light onto
	several ey issues. We apologize for any ambiguity here. In the end,
	we needed a good structure and ence we gr kh ouped the papers into
	4 main sections:
	
	
	 * Systems. Six development systems are presented (InTml, Lightning,
	FlowVR, OpenMASK VISTA, and MORGAN)
	
	 * Abstraction Is ‐ sues. Two papers address the issues of reusable
	VE platforms and alterna tives to scene graphs.
	
	 * Special Issues. In this section we collect papers related to the
	implementation of RIS in particular platforms, such as mobile systems,
	multi‐rate systems, and Mixed Reality.
	
	 * Semantic and Dynamic Modeling. The four papers in this section
	show models for expli‐ citly describing semantic (i.e. "a chair
	is on the floor") and dynamic information.},
	Date-Added = {2008-10-02 08:02:18 +0200},
	Date-Modified = {2010-08-10 08:57:17 +0200},
	Editor = {Latoschik, Marc Erich and Reiners, Dirk and Blach, Roland and Figueroa, Pablo and Dachselt, Raimund},
	Publisher = {Shaker Verlag},
	Title = {Software Engineering and Architectures for Realtime Interactive Systems (SEARIS), proceedings of the {IEEE} {V}irtual {R}eality 2008 workshop},
	Year = {2008},
	Bdsk-File-1 = {YnBsaXN0MDDUAQIDBAUGJCVYJHZlcnNpb25YJG9iamVjdHNZJGFyY2hpdmVyVCR0b3ASAAGGoKgHCBMUFRYaIVUkbnVsbNMJCgsMDxJXTlMua2V5c1pOUy5vYmplY3RzViRjbGFzc6INDoACgAOiEBGABIAFgAdccmVsYXRpdmVQYXRoWWFsaWFzRGF0YV8QMi4uLy4uL3JlcG9zaXRvcmllcy9wdWJsaWNhdGlvbnMvbGF0b3NjaGlrLTIwMDgucGRm0hcLGBlXTlMuZGF0YU8RAbIAAAAAAbIAAgAADE1hY2ludG9zaCBIRAAAAAAAAAAAAAAAAAAAAMq5U3RIKwAAAAyyHBJsYXRvc2NoaWstMjAwOC5wZGYAAAAAAAAAAAAAAAAAAAAAAAAAAAAAAAAAAAAAAAAAAAAAAAAAAAAAAAAAAAAADLOYyOn1ggAAAAAAAAAAAAIAAwAACSAAAAAAAAAAAAAAAAAAAAAMcHVibGljYXRpb25zABAACAAAyrk3VAAAABEACAAAyOnZYgAAAAEAEAAMshwADIE8AAUe3wAAwCMAAgBITWFjaW50b3NoIEhEOlVzZXJzOgBtYXJjOgByZXBvc2l0b3JpZXM6AHB1YmxpY2F0aW9uczoAbGF0b3NjaGlrLTIwMDgucGRmAA4AJgASAGwAYQB0AG8AcwBjAGgAaQBrAC0AMgAwADAAOAAuAHAAZABmAA8AGgAMAE0AYQBjAGkAbgB0AG8AcwBoACAASABEABIAN1VzZXJzL21hcmMvcmVwb3NpdG9yaWVzL3B1YmxpY2F0aW9ucy9sYXRvc2NoaWstMjAwOC5wZGYAABMAAS8AABUAAgAL//8AAIAG0hscHR5aJGNsYXNzbmFtZVgkY2xhc3Nlc11OU011dGFibGVEYXRhox0fIFZOU0RhdGFYTlNPYmplY3TSGxwiI1xOU0RpY3Rpb25hcnmiIiBfEA9OU0tleWVkQXJjaGl2ZXLRJidUcm9vdIABAAgAEQAaACMALQAyADcAQABGAE0AVQBgAGcAagBsAG4AcQBzAHUAdwCEAI4AwwDIANAChgKIAo0CmAKhAq8CswK6AsMCyALVAtgC6gLtAvIAAAAAAAACAQAAAAAAAAAoAAAAAAAAAAAAAAAAAAAC9A==},
	Bdsk-File-2 = {YnBsaXN0MDDUAQIDBAUGJCVYJHZlcnNpb25YJG9iamVjdHNZJGFyY2hpdmVyVCR0b3ASAAGGoKgHCBMUFRYaIVUkbnVsbNMJCgsMDxJXTlMua2V5c1pOUy5vYmplY3RzViRjbGFzc6INDoACgAOiEBGABIAFgAdccmVsYXRpdmVQYXRoWWFsaWFzRGF0YV8QMy4uLy4uL3JlcG9zaXRvcmllcy9wdWJsaWNhdGlvbnMvbGF0b3NjaGlrLTIwMDhiLnBkZtIXCxgZV05TLmRhdGFPEQG2AAAAAAG2AAIAAAxNYWNpbnRvc2ggSEQAAAAAAAAAAAAAAAAAAADKuVN0SCsAAAAMshwTbGF0b3NjaGlrLTIwMDhiLnBkZgAAAAAAAAAAAAAAAAAAAAAAAAAAAAAAAAAAAAAAAAAAAAAAAAAAAAAAAAAAAAyzmsPZJhQAAAAAAAAAAAACAAMAAAkgAAAAAAAAAAAAAAAAAAAADHB1YmxpY2F0aW9ucwAQAAgAAMq5N1QAAAARAAgAAMPZGAQAAAABABAADLIcAAyBPAAFHt8AAMAjAAIASU1hY2ludG9zaCBIRDpVc2VyczoAbWFyYzoAcmVwb3NpdG9yaWVzOgBwdWJsaWNhdGlvbnM6AGxhdG9zY2hpay0yMDA4Yi5wZGYAAA4AKAATAGwAYQB0AG8AcwBjAGgAaQBrAC0AMgAwADAAOABiAC4AcABkAGYADwAaAAwATQBhAGMAaQBuAHQAbwBzAGgAIABIAEQAEgA4VXNlcnMvbWFyYy9yZXBvc2l0b3JpZXMvcHVibGljYXRpb25zL2xhdG9zY2hpay0yMDA4Yi5wZGYAEwABLwAAFQACAAv//wAAgAbSGxwdHlokY2xhc3NuYW1lWCRjbGFzc2VzXU5TTXV0YWJsZURhdGGjHR8gVk5TRGF0YVhOU09iamVjdNIbHCIjXE5TRGljdGlvbmFyeaIiIF8QD05TS2V5ZWRBcmNoaXZlctEmJ1Ryb290gAEACAARABoAIwAtADIANwBAAEYATQBVAGAAZwBqAGwAbgBxAHMAdQB3AIQAjgDEAMkA0QKLAo0CkgKdAqYCtAK4Ar8CyALNAtoC3QLvAvIC9wAAAAAAAAIBAAAAAAAAACgAAAAAAAAAAAAAAAAAAAL5}}

@inproceedings{Steed:2008aa,
	Author = {Steed, Anthony},
	Booktitle = {Software Engineering and Architectures for Realtime Interactive Systems (SEARIS), proceedings of the {IEEE} {V}irtual {R}eality 2008 workshop},
	Crossref = {searis:2008},
	Date-Added = {2008-10-02 08:21:22 +0200},
	Date-Modified = {2009-11-22 08:14:59 +0100},
	Pages = {33-36},
	Title = {Some Useful Abstractions for Re-Usable Virtual Environment Platforms},
	Year = {2008}}

@inproceedings{Vanacken:2008aa,
	Author = {Vanacken, Lode and Boeck, Joan De and Raymaekers, Chris and Coninx, Karin},
	Booktitle = {Software Engineering and Architectures for Realtime Interactive Systems (SEARIS), proceedings of the {IEEE} {V}irtual {R}eality 2008 workshop},
	Crossref = {searis:2008},
	Date-Added = {2008-10-02 08:37:47 +0200},
	Date-Modified = {2009-11-22 08:15:12 +0100},
	Keywords = {semantic modeling. design phase, VR},
	Pages = {65-69},
	Title = {Using Relations between Concepts during Interaction Modelling for Virtual Environments},
	Year = {2008}}

@inproceedings{Peuser:2008aa,
	Abstract = {This article introduces the concept of Semantic Traversers (STs) and
	exemplarily
	
	 illustrates its utilization inside a Virtual Reality (VR) platform
	for multimodal construction. The
	
	 development of reusable and parameterizable routines which are based
	on the concept of
	
	 Semantic Reflection is described. These routines work on the Knowledge
	Representation Layer
	
	 (KRL) of a simulation framework to realize complex application logic
	and data flow concepts
	
	 like field routing. The KRL is implemented by a functionally extended
	semantic network. The
	
	 ST development in C++ preserves real-time capabilities while the
	abstract description of data
	
	 structures and application logic realizes a persistent and platform-independent
	representation of
	
	 programs. The advantages of traverser representation through Semantic
	Reflection are
	
	 elaborated. Finally, an editing tool is presented that enables developers
	to visualize and modify
	
	 the semantic networks which are used to describe the application.},
	Annote = {to be published},
	Author = {Peuser, Nils and Latoschik, Marc Erich},
	Booktitle = {{V}irtuelle und {E}rweiterte {R}ealit{\"a}t, 5. {W}orkshop of the {GI} {VR} \& {AR} special interest group},
	Date-Added = {2008-08-21 16:50:43 +0200},
	Date-Modified = {2008-11-22 09:23:10 +0100},
	Editor = {Schumann, Marco and Kuhlen, Torsten},
	Pages = {125-136},
	Publisher = {Shaker Verlag},
	Title = {Using {S}emantic {T}raversers to create persistent knowledge-based {V}irtual {R}eality applications},
	Url = {http://trinity.inf.uni-bayreuth.de/download/using-semantic-traversers-GIVRAR08.pdf},
	Year = {2008},
	Bdsk-Url-1 = {http://trinity.inf.uni-bayreuth.de/download/using-semantic-traversers-GIVRAR08.pdf}}

@inproceedings{biermann:2007:Semantic,
	Abstract = {This paper introduces a semantic representation for virtual prototyping
	in interactive virtual construction applications. The representation
	reflects semantic information about dynamic constraints to define
	objects' modification and construction behavior as well as knowledge
	structures supporting multimodal interaction utilizing speech and
	gesture. It is conveniently defined using XML-based markup for virtual
	building parts. The semantic information is processed during runtime
	in two ways: Constraint graphs are mapped to a generalized data-flow
	network and scene-graph. Interaction knowledge is accessed and matched
	during multimodal analysis.},
	Address = {Kyoto, Japan},
	Author = {Biermann, Peter and Fr{\"o}hlich, Christian and Latoschik, Marc Erich and Wachsmuth, Ipke},
	Booktitle = {Proceedings of the 8th International Symposium on Smart Graphics 2007, SG2007},
	Date-Added = {2007-04-26 09:08:56 +0200},
	Date-Modified = {2007-07-09 08:27:10 +0200},
	Month = {june},
	Pages = {124-134},
	Review = {http://www.techfak.uni-bielefeld.de/~marcl/publications/download/semantic-info-and-constraints-SG07.pdf},
	Title = {{S}emantic {I}nformation and {L}ocal {C}onstraints for {P}arametric {P}arts in {I}nteractive {V}irtual {C}onstruction},
	Url = {http://trinity.inf.uni-bayreuth.de/download/semantic-info-and-constraints-SG07.pdf},
	Year = {2007},
	Bdsk-Url-1 = {http://www.techfak.uni-bielefeld.de/~marcl/publications/download/semantic-info-and-constraints-SG07.pdf},
	Bdsk-Url-2 = {http://trinity.inf.uni-bayreuth.de/download/semantic-info-and-constraints-SG07.pdf}}

@article{latoschik:2007:laserpointer,
	Abstract = {This article illustrates the detection of 6 degrees of freedom (DOF)
	for Virtual Environment interactions using a modified simple laser
	pointer device and a camera. The laser pointer is combined with a
	diffraction grating to project a unique laser grid onto the projection
	planes used in projection-based immersive VR setups. The distortion
	of the projected grid is used to calculate the translational and
	rotational degrees of freedom required for human-computer interaction
	purposes.},
	Author = {Latoschik, Marc Erich and Bomberg, Elmar},
	Date-Added = {2008-02-28 09:09:12 -0800},
	Date-Modified = {2008-02-28 09:09:12 -0800},
	Journal = {Journal of Virtual Reality and Broadcasting},
	Number = {14},
	Owner = {marcl},
	Timestamp = {2007.09.29},
	Title = {Augmenting a Laser Pointer with a Diffraction Grating for Monoscopic 6DOF Detection},
	Url = {http://trinity.inf.uni-bayreuth.de/download/augmenting-laser-pointer-IJVRB07.pdf},
	Volume = {4},
	Year = {2007},
	Bdsk-Url-1 = {http://trinity.inf.uni-bayreuth.de/download/augmenting-laser-pointer-IJVRB07.pdf}}

@inproceedings{donner:2007:tiefenbestimmung,
	Abstract = {F{\"u}r die Mensch-Maschine-Interaktion ist die Erfassung der Aufmerksamkeit
	des Benutzers von gro{\ss}em Interesse. F{\"u}r Anwendungen in der
	Virtuellen Realit{\"a}t (VR) gilt dies insbesondere, nicht zuletzt
	dann, wenn Virtuelle Agenten als Benutzerschnittstelle eingesetzt
	werden. Aktuelle Ans{\"a}tze zur Bestimmung der visuellen Aufmerksamkeit
	verwenden meist monokulare Eyetracker und daher auch nur zweidimensionale
	bedeutungstragende Blickfixationen relativ zu einer Projektionsebene.
	F{\"u}r typische Stereoskopie-basierte VR Anwendungen ist aber eine
	zus{\"a}tzliche Ber{\"u}cksichtigung der Fixationstiefe notwendig,
	um so den Tiefenparameter f{\"u}r die Interaktion nutzbar zu machen,
	etwa f{\"u}r eine h{\"o}here Genauigkeit bei der Objektauswahl (Picking).
	Das in diesem Beitrag vorgestellte Experiment zeigt, dass bereits
	mit einem einfacheren binokularen Ger{\"a}t leichter zwischen sich
	teilweise verdeckenden Objekten unterschieden werden kann. Trotz
	des positiven Ergebnisses kann jedoch noch keine uneingeschr{\"a}nkte
	Verbesserung der Selektionsleistung gezeigt werden. Der Beitrag schlie{\ss}t
	mit einer Diskussion weiterer Schritte mit dem Ziel, die vorgestellte
	Technik weiter zu verbessern.},
	Author = {Donner, Matthias and Pfeiffer, Thies and Latoschik, Marc Erich and Wachsmuth, Ipke},
	Booktitle = {Virtuelle und Erweiterte Realit{\"a}t, 4. Workshop of the GI special interest group VR/AR},
	Date-Added = {2007-04-26 09:16:59 +0200},
	Date-Modified = {2007-07-13 05:45:03 +0200},
	Pages = {113-124},
	Title = {{B}lickfixationstiefe in stereoskopischen {VR}-{U}mgebungen: {E}ine vergleichende {S}tudie},
	Url = {http://trinity.inf.uni-bayreuth.de/download/Eyetracking-VRAR07.pdf},
	Year = {2007},
	Bdsk-Url-1 = {http://www.techfak.uni-bielefeld.de/~marcl/publications/download/Eyetracking-VRAR07.pdf},
	Bdsk-Url-2 = {http://trinity.inf.uni-bayreuth.de/download/Eyetracking-VRAR07.pdf}}

@inproceedings{pfeiffer:2007:InteractiveSDs,
	Abstract = {The mediation of social presence is one of the most interesting challenges
	of modern communication technology. The proposed metaphor of Interactive
	Social Displays describes new ways of interactions with multi-/crossmodal
	interfaces prepared for a psychologically augmented communication.
	A first prototype demonstrates the application of this metaphor in
	a teleconferencing scenario.},
	Author = {Pfeiffer, Thies and Latoschik, Marc Erich},
	Booktitle = {13th Eurographics Symposium on Virtual Environments/10th Workshop on Immersive Projection Technology IPT-EGVE 2007},
	Date-Added = {2007-04-26 09:13:36 +0200},
	Date-Modified = {2007-08-03 08:57:34 +0200},
	Pages = {41-42},
	Title = {{I}nteractive {S}ocial {D}isplays},
	Url = {http://trinity.inf.uni-bayreuth.de/download/ISD-EGVE2007.pdf},
	Year = {2007},
	Bdsk-Url-1 = {http://www.techfak.uni-bielefeld.de/~marcl/publications/download/ISD-EGVE2007.pdf},
	Bdsk-Url-2 = {http://trinity.inf.uni-bayreuth.de/download/ISD-EGVE2007.pdf}}

@inproceedings{pfeiffer:2007:ISD1,
	Abstract = {The mediation of social presence is one of the most interesting challenges
	of modern communication technology. The proposed metaphor of Interactive
	Social Displays describes new ways of interactions with multi-/crossmodal
	interfaces prepared for a psychologically augmented communication.
	A first prototype demonstrates the application of this metaphor in
	a teleconferencing scenario.},
	Address = {North Carolina, USA},
	Author = {Pfeiffer, Thies and Latoschik, Marc Erich},
	Booktitle = {{Proceedings of the IEEE Symposium on 3D User Interfaces 2007}},
	Date-Added = {2007-04-25 18:50:54 +0200},
	Date-Modified = {2010-02-23 13:40:57 +0100},
	Title = {{I}nteractive {S}ocial {D}isplays},
	Url = {http://trinity.inf.uni-bayreuth.de/download/ISD-3DUI2007.pdf},
	Year = {2007},
	Bdsk-Url-1 = {http://www.techfak.uni-bielefeld.de/~marcl/publications/download/ISD-3DUI2007.pdf},
	Bdsk-Url-2 = {http://trinity.inf.uni-bayreuth.de/download/ISD-3DUI2007.pdf}}

@inproceedings{rabe:2007:low-cost,
	Abstract = {This paper describes the configuration of a cost-efficient monolithic
	render server aimed at multi-screen Virtual Reality display devices.
	The system uses common Of-The-Shelf (OTS) PC components and feeds
	up to 6 independent screens via 3 graphics pipes with the potential
	to feed up to 12 screens. The internal graphics accelerators each
	use at least 8 PCIe lanes which results in sufficient bandwidth.
	Performance measurements are provided for several benchmarks which
	compare the system's performance to well established network based
	render clusters.},
	Author = {Rabe, Felix and Fr{\"o}hlich, Christian and Latoschik, Marc Erich},
	Booktitle = {Virtuelle und Erweiterte Realit{\"a}t, 4. Workshop of the {GI} {VR} \& {AR} special interest group},
	Date-Added = {2007-04-26 09:18:40 +0200},
	Date-Modified = {2008-08-21 16:49:27 +0200},
	Pages = {65-76},
	Title = {Low-Cost Image Generation for {I}mmersive {M}ulti-{S}creen {E}nvironments},
	Url = {http://trinity.inf.uni-bayreuth.de/download/low-cost-ig-VRAR07.pdf},
	Year = {2007},
	Bdsk-Url-1 = {http://www.techfak.uni-bielefeld.de/~marcl/publications/download/low-cost-ig-VRAR07.pdf},
	Bdsk-Url-2 = {http://trinity.inf.uni-bayreuth.de/download/low-cost-ig-VRAR07.pdf}}

@inproceedings{latoschik:2007:knowledge_based,
	Abstract = {This paper introduces Semantic Reflection (SR), a design paradigm
	for intelligent applications which represents applications' objects
	and interfaces on a common knowledge representation layer (KRL).
	SR provides unified knowledge reflectivity specifically important
	for complex architectures of novel human-machine interface systems.},
	Author = {Latoschik, Marc Erich},
	Booktitle = {Proceedings of the 30th German Conference on Artificial Intelligence KI07},
	Date-Added = {2007-04-26 09:12:18 +0200},
	Date-Modified = {2007-05-30 08:03:57 +0200},
	Pages = {481-484},
	Title = {{S}emantic {R}eflection -- {K}nowledge {B}ased {D}esign of {I}ntelligent {S}imulation {E}nvironments},
	Url = {http://trinity.inf.uni-bayreuth.de/download/semantic-reflection-KI07.pdf},
	Year = {2007},
	Bdsk-Url-1 = {http://www.techfak.uni-bielefeld.de/~marcl/publications/download/semantic-reflection-KI07.pdf},
	Bdsk-Url-2 = {http://trinity.inf.uni-bayreuth.de/download/semantic-reflection-KI07.pdf}}

@inproceedings{latoschik:2007:semantic_reflection,
	Abstract = {We introduce semantic reflection as an architectural concept for Intelligent
	Virtual Environments (IVEs). SCIVE, a dedicated IVE simulation core,
	combines modularity with close coupled integrative aspects to provide
	semantic reflection on multiple layers from low-level simulation
	core logic, specific simulation modules' appli-
	
	 cation definitions, to high-level semantic environment descriptions.
	SCIVE's Knowledge Representation Layer provides the central organizing
	structure which ties together data representations of simulation
	modules, e.g., for graphics, physics, audio, haptics, or AI etc.,
	while it additionally allows bidirectional knowledge driven ac-
	
	 cess between the modules.},
	Address = {North Carolina, USA},
	Author = {Latoschik, Marc Erich and Fr{\"o}hlich, Christian},
	Booktitle = {Proceedings of the IEEE VR 2007},
	Date-Added = {2007-04-25 18:48:00 +0200},
	Date-Modified = {2007-07-13 05:48:01 +0200},
	Pages = {305-306},
	Title = {{S}emantic {R}eflection for {I}ntelligent {V}irtual {E}nvironments},
	Url = {http://trinity.inf.uni-bayreuth.de/download/semantic-reflection-VR07.pdf},
	Year = {2007},
	Bdsk-Url-1 = {http://www.techfak.uni-bielefeld.de/~marcl/publications/download/semantic-reflection-VR07.pdf},
	Bdsk-Url-2 = {http://trinity.inf.uni-bayreuth.de/download/semantic-reflection-VR07.pdf}}

@inproceedings{latoschik:2007:intelligentVR,
	Abstract = {This paper introduces semantic reflection, a novel concept for a modular
	design of intelligent applications. SCIVE, a simulation core for
	intelligent Virtual Environments (IVEs), provides semantic reflection
	on multiple layers: SCIVE's architecture grants semantic driven uniform
	access to low-level simulation core logic, to specific simulation
	modules' application definitions, as well as to high-level semantic
	environment descriptions. It additionally provides a frame to conveniently
	interconnect various simulation modules, e.g., for graphics, physics,
	audio, haptics, or AI etc. SCIVE's Knowledge Representation Layer's
	base formalism provides the central organizing structure for the
	diverse modules' data representations. It allows bidirectional knowledge
	driven access between the modules since their specific data structures
	and functions are transitively reflected by the semantic layer. Hence
	SCIVE preserves, integrates and provides unified access to the development
	paradigms of the interconnected modules, e.g., scene graph metaphors
	or field route concepts etc. well known from todays Virtual Reality
	systems. SCIVE's semantic reflection implementation details are illustrated
	following a complex example application. We illustrate how semantic
	reflection and modularity support extensibility and maintainability
	of VR applications, potential for automatic system configuration
	and optimization, as well as the base for comprehensive knowledge
	driven access for IVEs.},
	Address = {Barcelona, Spain},
	Author = {Latoschik, Marc Erich and Fr{\"o}hlich, Christian},
	Booktitle = {Proceedings of the Graphics and Applications GRAPP 2007},
	Date-Added = {2007-04-25 18:51:55 +0200},
	Date-Modified = {2010-02-23 15:16:53 +0100},
	Pages = {249-259},
	Rating = {3},
	Title = {Towards Intelligent {VR}: Multi-Layered Semantic Reflection for {I}ntelligent {V}irtual {E}nvironments},
	Url = {http://trinity.inf.uni-bayreuth.de/download/Towards-IVR-grapp07-latoschik.pdf},
	Year = {2007},
	Bdsk-Url-1 = {http://www.techfak.uni-bielefeld.de/~marcl/publications/download/Towards-IVR-grapp07-latoschik.pdf},
	Bdsk-Url-2 = {http://trinity.inf.uni-bayreuth.de/download/Towards-IVR-grapp07-latoschik.pdf}}

@proceedings{latoschik:ARVR:2007,
	Abstract = {Die Fachgruppe Virtuelle und Erweiterte Realit{\"a}t der Gesellschaft
	f{\"u}r Informatik wurde im Jahr 2003 als Informationsplattform und
	Interessengemeinschaft gegr{\"u}ndet. Seit 2004 organisiert die Gruppe
	einen j{\"a}hrlich stattfindenden Workshop, der am 15. Juli 2007
	an der Bauhaus-Universit{\"a}t Weimar zu Gast ist. Dieser Band enth{\"a}lt
	die 22 ausgew{\"a}hlten Beitr{\"a}ge. Das Themenspektrum reicht von
	Mensch-Maschine-Interation {\"u}ber Simulations-, Projektions- und
	Rendertechnologien zu VR/AR-Anwendungszenarien. Wir sind besonders
	froh {\"u}ber die aktive Beteiligung vieler Nachwuchsforscher und
	Studenten -- ein Indiz f{\"u}r die anhaltende Attraktivit{\"a}t und
	Aktualit{\"a}t der Zukunftstechnologien Virtual Reality und Augmented
	Reality. Besonderer Dank gilt dem Programmkomitee und den vielen
	Helfern bei der lokalen Organisation, ohne deren Unterst{\"u}tzung
	die Organisation und Durchf{\"u}hrung dieser Veranstaltung nicht
	m{\"o}glich gewesen w{\"a}re. Wir freuen uns auf eine interessante
	Veranstaltung mit lebhaften Diskussionen.},
	Date-Added = {2007-05-27 12:27:57 +0200},
	Date-Modified = {2009-10-24 10:09:30 +0200},
	Editor = {Latoschik, Marc Erich and Fr{\"o}hlich, Bernd},
	Organization = {Gesellschaft f{\"u}r Informatik},
	Publisher = {Shaker Verlag},
	Title = {Virtuelle und {E}rweiterte {R}ealit{\"a}t, 4. Workshop of the {GI} special interest group {VR/AR}},
	Year = {2007}}

@inproceedings{hammerl:2007:WiiNC,
	Abstract = {In diesem Artikel wird die Anbindung eines low-cost Eingabeger{\"a}tes
	f{\"u}r Virtuelle Umgebungen auf Basis des Nintendo Wii Controllers
	vorgestellt. Mit der WiiMote und dem Nunchuk ist es m{\"o}glich,
	Beschleunigungen beider H{\"a}nde zu erfassen. Durch Vibrieren und
	die integrierten LEDs stehen zudem Feedbackkan{\"a}le zur Verf{\"u}gung.
	Dieser Artikel befasst sich mit den M{\"o}glichkeiten und Grenzen
	des Controllers. Er stellt eine Schnittstelle vor, mit der es m{\"o}glich
	ist, den Wii-Controller sowohl an Einzelplatz- als auch in VR/AR-Systemen
	(z.B. CAVEs) effizient zu nutzen. Auch werden verschiedene Anwendungsbeispiele
	f{\"u}r die sinnvolle Nutzung vorgestellt.},
	Author = {Hammerl, Sebastian and Preuss, Tim and Latoschik, Marc Erich},
	Booktitle = {Virtuelle und Erweiterte Realit{\"a}t, 4. Workshop of the {GI} {VR} \& {AR} special interest group},
	Date-Added = {2007-04-26 09:20:41 +0200},
	Date-Modified = {2008-08-21 16:50:26 +0200},
	Pages = {141-148},
	Title = {{WiiNC} - {Wii} {N}etwork {C}ontrol - {E}insatz des {W}ii-{C}ontrollers f{\"u}r {VR}-{A}nwendungen},
	Url = {http://trinity.inf.uni-bayreuth.de/download/WiiNC-GIVRAR07.pdf},
	Year = {2007},
	Bdsk-Url-1 = {http://www.techfak.uni-bielefeld.de/~marcl/publications/download/WiiNC-GIVRAR07.pdf},
	Bdsk-Url-2 = {http://trinity.inf.uni-bayreuth.de/download/WiiNC-GIVRAR07.pdf}}

@inproceedings{bomberg:2006:monoscopic,
	Abstract = {This article illustrates the detection of 6 degrees of freedom (DOF)
	by utilizing a simple laser pointer device and a camera. The laser
	pointer device is augmented by a diffraction grating to project a
	unique laser grid onto the projection planes used in projection based
	immersive VR-setups. The distortion of the projected grid is then
	used to calculate the additional degrees of freedom as required for
	human-computer interaction purposes.},
	Author = {Bomberg, Elmar and Latoschik, Marc Erich},
	Booktitle = {Virtuelle und Erweiterte Realit{\"a}t, 3. Workshop of the {GI} {VR} \& {AR} special interest group},
	Date-Added = {2007-04-25 18:43:44 +0200},
	Date-Modified = {2008-08-21 16:50:28 +0200},
	Editor = {M{\"u}ller, S. and Zachmann, G.},
	Pages = {143-154},
	Title = {Monoscopic {6DOF} Detection using a Laser Pointer},
	Url = {http://trinity.inf.uni-bayreuth.de/download/Mono6DofDetection-GIVRAR06.pdf},
	Year = {2006},
	Bdsk-Url-1 = {http://www.techfak.uni-bielefeld.de/~marcl/publications/download/Mono6DofDetection-GIVRAR06.pdf},
	Bdsk-Url-2 = {http://trinity.inf.uni-bayreuth.de/download/Mono6DofDetection-GIVRAR06.pdf}}

@article{latoschik:2006:scenesync,
	Abstract = {This paper introduces SCIVE, a Simulation Core for Intelligent Virtual
	Environments. SCIVE provides a Knowledge Representation Layer (KRL)
	as a central organizing structure. Based on a semantic net, it ties
	together the data representations of the various simulation modules,
	e.g., for graphics, physics, audio, haptics or Artificial Intelligence
	(AI) representations. SCIVE's open architecture allows a seamless
	integration and modification of these modules. Their data synchronization
	is widely customizable to support extensibility and maintainability.
	Synchronization can be controlled through filters which in turn can
	be instantiated and parametrized by any of the modules, e.g., the
	AI component can be used to change an object's behavior to be controlled
	by the physics instead of the interaction- or a keyframe-module.
	This bidirectional inter-module access is mapped by, and routed through,
	the KRL which semantically reflects all objects or entities the simulation
	comprises. Hence, SCIVE allows extensive application design and customization
	from low-level core logic, module configuration and flow control,
	to the simulated scene, all on a high-level unified representation
	layer while it supports well known development paradigms commonly
	found in Virtual Reality applications.},
	Author = {Latoschik, Marc Erich and Fr{\"o}hlich, Christian and Wendler, Alexander},
	Date-Added = {2007-01-02 13:47:56 +0100},
	Date-Modified = {2007-03-24 11:11:37 +0100},
	Journal = {{T}he {I}nternational {J}ournal of {V}irtual {R}eality},
	Number = {3},
	Pages = {47-52},
	Title = {{S}cene {S}ynchronization in {C}lose {C}oupled {W}orld {R}epresentations using {SCIVE}},
	Url = {http://trinity.inf.uni-bayreuth.de/download/SCIVE-IJVR06.pdf},
	Volume = {5},
	Year = {2006},
	Bdsk-Url-1 = {http://www.techfak.uni-bielefeld.de/~marcl/publications/download/SCIVE-IJVR06.pdf},
	Bdsk-Url-2 = {http://trinity.inf.uni-bayreuth.de/download/SCIVE-IJVR06.pdf}}

@inproceedings{latoschik:UIF:2005,
	Abstract = {This article presents a User Interface (UI) framework for multimodal
	interactions targeted at immersive virtual environments. Its configurable
	input and gesture processing components provide an advanced behavior
	graph capable of routing continuous data streams asynchronously.
	The framework introduces a Knowledge Representation Layer which augments
	objects of the simulated environment with Semantic Entities as a
	central object model that bridges and interfaces Virtual Reality
	(VR) and Artificial Intelligence (AI) representations. Specialized
	node types use these facilities to implement required processing
	tasks like gesture detection, preprocessing of the visual scene for
	multimodal integration, or translation of movements into multimodally
	
	 initialized gestural interactions. A modified Augmented Transition
	Nettwork (ATN) approach accesses the knowledge layer as well as the
	preprocessing components to integrate linguistic, gestural, and context
	information in parallel. The overall framework emphasizes extensibility,
	adaptivity and reusability, e.g., by utilizing persistent and interchangeable
	XML-based formats to describe its processing stages.},
	Address = {Trento, Italy},
	Author = {Latoschik, Marc Erich},
	Booktitle = {Proceedings of the IEEE seventh International Conference on Multimodal Interfaces, ICMI 2005},
	Date-Added = {2006-07-13 11:36:33 +0200},
	Date-Modified = {2010-02-23 15:17:20 +0100},
	Keywords = {Multimodal Interaction},
	Month = {October},
	Pages = {76-83},
	Rating = {2},
	Title = {A User Interface Framework for Multimodal {VR} Interactions},
	Url = {http://trinity.inf.uni-bayreuth.de/download/pp217-latoschik.pdf},
	Year = {2005},
	Bdsk-File-1 = {YnBsaXN0MDDUAQIDBAUGJCVYJHZlcnNpb25YJG9iamVjdHNZJGFyY2hpdmVyVCR0b3ASAAGGoKgHCBMUFRYaIVUkbnVsbNMJCgsMDxJXTlMua2V5c1pOUy5vYmplY3RzViRjbGFzc6INDoACgAOiEBGABIAFgAdccmVsYXRpdmVQYXRoWWFsaWFzRGF0YV8QMi4uLy4uL3JlcG9zaXRvcmllcy9wdWJsaWNhdGlvbnMvbGF0b3NjaGlrLTIwMDUucGRm0hcLGBlXTlMuZGF0YU8RAbIAAAAAAbIAAgAADE1hY2ludG9zaCBIRAAAAAAAAAAAAAAAAAAAAMq5U3RIKwAAAAyyHBJsYXRvc2NoaWstMjAwNS5wZGYAAAAAAAAAAAAAAAAAAAAAAAAAAAAAAAAAAAAAAAAAAAAAAAAAAAAAAAAAAAAADLOUyOnyJgAAAAAAAAAAAAIAAwAACSAAAAAAAAAAAAAAAAAAAAAMcHVibGljYXRpb25zABAACAAAyrk3VAAAABEACAAAyOnWBgAAAAEAEAAMshwADIE8AAUe3wAAwCMAAgBITWFjaW50b3NoIEhEOlVzZXJzOgBtYXJjOgByZXBvc2l0b3JpZXM6AHB1YmxpY2F0aW9uczoAbGF0b3NjaGlrLTIwMDUucGRmAA4AJgASAGwAYQB0AG8AcwBjAGgAaQBrAC0AMgAwADAANQAuAHAAZABmAA8AGgAMAE0AYQBjAGkAbgB0AG8AcwBoACAASABEABIAN1VzZXJzL21hcmMvcmVwb3NpdG9yaWVzL3B1YmxpY2F0aW9ucy9sYXRvc2NoaWstMjAwNS5wZGYAABMAAS8AABUAAgAL//8AAIAG0hscHR5aJGNsYXNzbmFtZVgkY2xhc3Nlc11OU011dGFibGVEYXRhox0fIFZOU0RhdGFYTlNPYmplY3TSGxwiI1xOU0RpY3Rpb25hcnmiIiBfEA9OU0tleWVkQXJjaGl2ZXLRJidUcm9vdIABAAgAEQAaACMALQAyADcAQABGAE0AVQBgAGcAagBsAG4AcQBzAHUAdwCEAI4AwwDIANAChgKIAo0CmAKhAq8CswK6AsMCyALVAtgC6gLtAvIAAAAAAAACAQAAAAAAAAAoAAAAAAAAAAAAAAAAAAAC9A==},
	Bdsk-Url-1 = {http://trinity.inf.uni-bayreuth.de/download/pp217-latoschik.pdf}}

@inproceedings{heumeretal:automaticdataexchange:VR2005,
	Abstract = {Advanced VR simulation systems are composed of several components
	with independent and heterogeneously structured databases. To guarantee
	a closed and consistent world simulation, flexible and robust data
	exchange between these components has to be realized. This multiple
	database problem is well known in many distributed application domains,
	but it is central for VR setups composed of diverse simulation components.
	Particularly complicated is the exchange between object-centered
	and graph-based representation formats, where entity attributes may
	be distributed over the graph structure. This article presents an
	abstract declarative attribute representation concept, which handles
	different representation formats uniformly and enables automatic
	data exchange and synchronization between them. This mechanism is
	tailored to support the integration of a central knowledge component,
	which provides a uniform representation of the accumulated knowledge
	of the several simulation components involved. This component handles
	the incoming--possibly conflicting--world changes propagated by the
	diverse components. It becomes the central instance for process flow
	synchronization of several autonomous evaluation loops.},
	Address = {Bonn, Germany},
	Author = {Heumer, Guido and Schilling, Malte and Latoschik, Marc Erich},
	Booktitle = {Proceedings of the IEEE VR2005},
	Date-Modified = {2010-02-23 15:17:23 +0100},
	Pages = {43-50},
	Rating = {1},
	Title = {Automatic Data Exchange and Synchronization for Knowledge-Based {I}ntelligent {V}irtual {E}nvironments},
	Url = {http://trinity.inf.uni-bayreuth.de/download/Automatic_Data_Exchange.pdf},
	Year = {2005},
	Bdsk-Url-1 = {http://www.techfak.uni-bielefeld.de/~marcl/publications/download/Automatic_Data_Exchange.pdf},
	Bdsk-Url-2 = {http://trinity.inf.uni-bayreuth.de/download/Automatic_Data_Exchange.pdf}}

@inproceedings{latoschik:2005:semantics_rep,
	Abstract = {This article describes an integration of knowledge based techniques
	into simulative Virtual Reality (VR) applications motivated using
	a virtual construction task. An abstract Knowledge Representation
	Layer (KRL) provides a base formalism for the integration of simulation
	semantics. The KRL approach is demonstrated using a generalized scene
	graph representation which introduces an abstract implementation
	of geometric node interrelations.},
	Address = {Bonn, Germany},
	Author = {Latoschik, Marc Erich and Biermann, Peter and Wachsmuth, Ipke},
	Booktitle = {Proceedings of the IEEE VR2005},
	Date-Added = {2007-04-25 19:06:24 +0200},
	Date-Modified = {2007-07-13 05:49:26 +0200},
	Pages = {283-284},
	Title = {High-level Semantics Representation for {I}ntelligent {S}imulative {E}nvironments},
	Url = {http://trinity.inf.uni-bayreuth.de/download/high_level_semantics_representation.pdf},
	Year = {2005},
	Bdsk-Url-1 = {http://www.techfak.uni-bielefeld.de/~marcl/publications/download/high_level_semantics_representation.pdf},
	Bdsk-Url-2 = {http://trinity.inf.uni-bayreuth.de/download/high_level_semantics_representation.pdf}}

@inproceedings{latoschik:2005:knowledge_in_loop,
	Abstract = {This article describes the integration of knowledge based techniques
	into simulative Virtual Reality (VR) applications. The approach is
	motivated using multimodal Virtual Construction as an example domain.
	An abstract Knowledge Representation Layer (KRL) is proposed which
	is expressive enough to define all necessary data for diverse simulation
	tasks and which additionally provides a base formalism for the integration
	of Artificial Intelligence (AI) representations. The KRL supports
	two different implementation methods. The first method uses XSLT
	processing to transform the external KRL format into the representation
	formats of the diverse target systems. The second method implements
	the KRL using a functionally extendable semantic network. The semantic
	net library is tailored for real time simulation systems where it
	interconnects the required simulation modules and establishes access
	to the knowledge representations inside the simulation loop. The
	KRL promotes a novel object model for simulated objects called Semantic
	Entities which provides a uniform access to the KRL and which allows
	extensive system modularization. The KRL approach is demonstrated
	in two simulation areas. First, a generalized scene graph representation
	is presented
	
	 which introduces an abstract definition and implementation of geometric
	node interrelations. It supports scene and application structures
	which can not be expressed using common scene hierarchies or field
	route concepts. Second, the KRL's expressiveness is demonstrated
	in the design of multimodal interactions. Here, the KRL defines the
	knowledge particularly required during the semantic analysis of multimodal
	user utterances.},
	Address = {Frauenwoerth Cloister, near Munich, Germany},
	Author = {Latoschik, Marc Erich and Biermann, Peter and Wachsmuth, Ipke},
	Booktitle = {Proceedings of the 5th International Symposium on Smart Graphics 2005},
	Date-Added = {2007-04-25 19:03:55 +0200},
	Date-Modified = {2007-07-13 05:49:17 +0200},
	Pages = {25-39},
	Title = {Knowledge in the Loop: Semantics Representation for Multimodal Simulative Environments},
	Url = {http://trinity.inf.uni-bayreuth.de/download/kitl-print-springer-final.pdf},
	Year = {2005},
	Bdsk-Url-1 = {http://www.techfak.uni-bielefeld.de/~marcl/publications/download/kitl-print-springer-final.pdf},
	Bdsk-Url-2 = {http://trinity.inf.uni-bayreuth.de/download/kitl-print-springer-final.pdf}}

@inproceedings{pfeiffer_latoschik:Resolving:VR2004,
	Abstract = {This paper describes the underlying concepts and the technical implementation
	of a system for resolving multimodal references in Virtual Reality
	(VR). In this system the temporal and semantic relations intrinsic
	to referential utterances are expressed as a constraint satisfaction
	problem, where the propositional value of each referential unit during
	a multimodal dialogue updates incrementally the active set of constraints.
	As the system is based on findings of human cognition research it
	also regards, e.g., constraints implicitly assumed by human communicators.
	The implementation takes VR related real-time and immersive conditions
	into account and adapts its architecture to well known scene-graph
	based design patterns by introducing a so-called reference resolution
	engine. Regarding the conceptual work as well as regarding the implementation,
	special care has been taken to allow further refinements and modifications
	to the underlying resolving processes on a high level basis.},
	Author = {Pfeiffer, Thies and Latoschik, Marc Erich},
	Booktitle = {Proceedings of the IEEE Virtual Reality conference 2004},
	Date-Modified = {2007-03-24 11:11:37 +0100},
	Pages = {35-42},
	Title = {Resolving {O}bject {R}eferences in multimodal {D}ialogues for {I}mmersive {V}irtual {E}nvironments},
	Url = {http://trinity.inf.uni-bayreuth.de/download/Resolving_Object_References.pdf},
	Year = {2004},
	Bdsk-Url-1 = {http://www.techfak.uni-bielefeld.de/~marcl/publications/download/Resolving_Object_References.pdf},
	Bdsk-Url-2 = {http://trinity.inf.uni-bayreuth.de/download/Resolving_Object_References.pdf}}

@mastersthesis{Heumer:FzDS:DA2003,
	Author = {Heumer, Guido},
	Date-Modified = {2007-03-24 11:11:37 +0100},
	Month = {november},
	Note = {Supervisor: Latoschik, Marc Erich},
	School = {Technische Fakult\"{a}t, Universit\"{a}t Bielefeld},
	Title = {{F}ramework zum {D}atenaustausch zwischen heterogen strukturierten {S}imulationskomponenten},
	Year = {2003}}

@mastersthesis{Schilling:FfSNVR:DA2003,
	Author = {Schilling, Malte},
	Date-Modified = {2007-03-24 11:11:37 +0100},
	Month = {august},
	Note = {Supervisor: Latoschik, Marc Erich},
	School = {Technische Fakult\"{a}t, Universit\"{a}t Bielefeld},
	Title = {Ein {F}ramework f{\"u}r funktional erweiterbare {S}emantische {N}etzwerke in der {V}irtual {R}eality},
	Year = {2003}}

@mastersthesis{Knafla:AI3DESzISE:DA2003,
	Author = {Knafla, Bj{\"o}rn},
	Date-Modified = {2007-03-24 11:11:37 +0100},
	Month = {january},
	Note = {Supervisor: Latoschik, Marc Erich},
	School = {Technische Fakult\"{a}t, Universit\"{a}t Bielefeld},
	Title = {{A}ufbau {I}nteraktiver {3D} {E}chtzeit {S}ysteme zur {I}ntegration von {S}imulations-{E}ngines},
	Year = {2003}}

@inproceedings{latoschik:Incorporating:CGIM03,
	Abstract = {This article presents a framework for incorporating commonly used
	VR (Virtual Reality) databases for
	
	 graphics and physics simulation into an AI (Artificial Intelligence)
	knowledge base using a unifying
	
	 semantic net (SN) representation. Several examples in the area of
	multimodal interaction for AI based
	
	 graphics applications are given to motivate this approach. An evaluation
	of the chosen SN knowledge representation (KR) regarding five roles
	suitable to analyze a given KR is followed by a discussion about
	
	 resulting conceptual and technical requirements for the underlying
	DB/KBMS (database/knowledge base management system) which supports
	the chosen KR as well as mediating layers for external simulation
	relevant modules.},
	Author = {Latoschik, Marc Erich and Schilling, Malte},
	Booktitle = {Proceedings of the {S}ixth {I}nternational {C}onference on {C}omputer {G}raphics and {I}maging},
	Date-Modified = {2009-06-23 19:08:06 +0200},
	Optmonth = {august},
	Optnote = {ISSN 1482-7905, ISBN 0-88986-376-8, Hawaii},
	Organization = {IASTED},
	Pages = {79-84},
	Publisher = {ACTA {P}ress},
	Title = {Incorporating {VR} {D}atabases into {AI} {K}nowledge {R}epresentations: {A} {F}ramework for {I}ntelligent {G}raphics {A}pplications},
	Url = {http://trinity.inf.uni-bayreuth.de/download/incorporating_VR_into_AI.pdf},
	Year = {2003},
	Bdsk-Url-1 = {http://www.techfak.uni-bielefeld.de/~marcl/publications/download/incorporating_VR_into_AI.pdf},
	Bdsk-Url-2 = {http://trinity.inf.uni-bayreuth.de/download/incorporating_VR_into_AI.pdf}}

@article{latoschik:2003:mmivr,
	Abstract = {Systeme der Virtuellen Realit{\"a}t (VR) stellen neue Herausforderungen
	an die Art und Weise der Systembedienung. Die {\"U}bertragung herk{\"o}mmlicher
	2D orientierter WIMP-Schnittstellen (Windows, Icon, Menue, Pointer)
	erweist sich hier h{\"a}ufig als ungeeignet. In diesem Zusammenhang
	verfolgt die vorgestellte Arbeit den Ansatz, VR-Interaktionen {\"u}ber
	nat{\"u}rliche menschliche Kommunikationsm{\"o}glichkeiten mit Gestik
	und Sprache zu realisieren. Zu diesem Ziel wurden Kernkomponenten
	entwickelt, welche in den Echtzeit-getriebenen Programmfluss von
	VR Systemen eingebettet sind und Funktionen f{\"u}r die Gestikerkennung
	und -analyse sowie die multimodale Integration und Auswertung bereitstellen.
	Diese Komponenten werden in einer Reihe von aktuellen Projekten etwa
	im Kontext der Virtuellen Konstruktion, der Deixisforschung oder
	zur Interaktion mit MAX, einem antropomorphen Gegen{\"u}ber in virtuellen
	Umgebungen eingesetzt.},
	Annote = {Bremen, arenDTap Verlag,},
	Author = {Latoschik, Marc Erich},
	Date-Added = {2007-04-25 19:13:32 +0200},
	Date-Modified = {2007-04-30 08:09:43 +0200},
	Journal = {KI-K{\"u}nstliche Intelligenz: Embodied Conversational Agents},
	Number = {03},
	Pages = {37-38},
	Title = {{M}ultimodale {I}nteraktion in {V}irtueller {R}ealit{\"a}t am {B}eispiel der virtuellen {K}onstruktion},
	Url = {http://trinity.inf.uni-bayreuth.de/download/mmivr-am-bsp-KI-ECA03.pdf},
	Volume = {4},
	Year = {2003},
	Bdsk-Url-1 = {http://www.techfak.uni-bielefeld.de/~marcl/publications/download/mmivr-am-bsp-KI-ECA03.pdf},
	Bdsk-Url-2 = {http://trinity.inf.uni-bayreuth.de/download/mmivr-am-bsp-KI-ECA03.pdf}}

@inproceedings{pfeiffer_etal:Resolution:EuroCogSci03,
	Abstract = {In the Collaborative Research Center (SFB 360) at the University of
	Bielefeld we are concerned wih situated
	
	 artificial communicators. In one application scenario the user is
	involved in a task-oriented discourse with
	
	 the embodied conversational agent MAX. He guides him through an assembly
	process by means of task descriptions uttered using both German natural
	language and gestures. The work presented is on a system for identifying
	referent objects for deictic references in a real-time Virtual Reality
	(VR) Environment.},
	Author = {Pfeiffer, Thies and Voss, Ian and Latoschik, Marc Erich},
	Booktitle = {Proceedings of the EuroCogSci03},
	Date-Modified = {2007-04-27 14:46:12 +0200},
	Editor = {Schmalhofer, F. and Young, R.},
	Pages = {462},
	Publisher = {Lawrence Erlbaum Associates Inc},
	Title = {Resolution of Multimodal Object References using Conceptual Short Term Memory},
	Url = {http://trinity.inf.uni-bayreuth.de/download/Resolution_of_Multimodal_Object_References.pdf},
	Year = {2003},
	Bdsk-Url-1 = {http://www.techfak.uni-bielefeld.de/~marcl/publications/download/Resolution_of_Multimodal_Object_References.pdf},
	Bdsk-Url-2 = {http://trinity.inf.uni-bayreuth.de/download/Resolution_of_Multimodal_Object_References.pdf}}

@inproceedings{biermann_etal:2002:VWerk,
	Abstract = {In this paper we describe ongoing research that aims at the development
	of a generic demonstration platform for virtual prototype modeling
	by utilizing multimodal speech and gesture interactions in Virtual
	Reality. Particularly, we concentrate on two aspects. First, a knowledge-based
	approach for assembling CAD-based parts in VR is introduced. This
	includes a system to generate meta-information from geometric models
	
	
	 as well as accompanying task-level algorithms for virtual assembly.
	Second, a framework for modeling multimodal interaction using gesture
	and speech is presented that facilitates its generic adaptation to
	
	 scene-graph-based applications. The chosen decomposition of the required
	core modules is exemplified by an example of a typical object rotation
	interaction.},
	Author = {Biermann, Peter and Jung, Bernhard and Latoschik, Marc Erich and Wachsmuth, Ipke},
	Booktitle = {Proceedings Fourth Virtual Reality International Conference (VRIC 2002), Laval, France},
	Date-Modified = {2010-07-14 07:31:32 +0200},
	Keywords = {Virtual Reality, Virtual Assembly, Multimodal Interaction, Interaction Decom- position, Task-Level Interfaces},
	Month = {jun},
	Pages = {53-62},
	Title = {{V}irtuelle {W}erkstatt: A Platform for Multimodal Assembly in {VR}},
	Url = {http://www.techfak.uni-bielefeld.de/~ipke/download/VWerkDruck.pdf},
	Year = {2002},
	Bdsk-File-1 = {YnBsaXN0MDDUAQIDBAUGJCVYJHZlcnNpb25YJG9iamVjdHNZJGFyY2hpdmVyVCR0b3ASAAGGoKgHCBMUFRYaIVUkbnVsbNMJCgsMDxJXTlMua2V5c1pOUy5vYmplY3RzViRjbGFzc6INDoACgAOiEBGABIAFgAdccmVsYXRpdmVQYXRoWWFsaWFzRGF0YV8QMS4uLy4uL3JlcG9zaXRvcmllcy9wdWJsaWNhdGlvbnMvYmllcm1hbm4tMjAwMi5wZGbSFwsYGVdOUy5kYXRhTxEBrgAAAAABrgACAAAMTWFjaW50b3NoIEhEAAAAAAAAAAAAAAAAAAAAyrlTdEgrAAAADLIcEWJpZXJtYW5uLTIwMDIucGRmAAAAAAAAAAAAAAAAAAAAAAAAAAAAAAAAAAAAAAAAAAAAAAAAAAAAAAAAAAAAAAAMsvPI6fV5AAAAAAAAAAAAAgADAAAJIAAAAAAAAAAAAAAAAAAAAAxwdWJsaWNhdGlvbnMAEAAIAADKuTdUAAAAEQAIAADI6dlZAAAAAQAQAAyyHAAMgTwABR7fAADAIwACAEdNYWNpbnRvc2ggSEQ6VXNlcnM6AG1hcmM6AHJlcG9zaXRvcmllczoAcHVibGljYXRpb25zOgBiaWVybWFubi0yMDAyLnBkZgAADgAkABEAYgBpAGUAcgBtAGEAbgBuAC0AMgAwADAAMgAuAHAAZABmAA8AGgAMAE0AYQBjAGkAbgB0AG8AcwBoACAASABEABIANlVzZXJzL21hcmMvcmVwb3NpdG9yaWVzL3B1YmxpY2F0aW9ucy9iaWVybWFubi0yMDAyLnBkZgATAAEvAAAVAAIAC///AACABtIbHB0eWiRjbGFzc25hbWVYJGNsYXNzZXNdTlNNdXRhYmxlRGF0YaMdHyBWTlNEYXRhWE5TT2JqZWN00hscIiNcTlNEaWN0aW9uYXJ5oiIgXxAPTlNLZXllZEFyY2hpdmVy0SYnVHJvb3SAAQAIABEAGgAjAC0AMgA3AEAARgBNAFUAYABnAGoAbABuAHEAcwB1AHcAhACOAMIAxwDPAoECgwKIApMCnAKqAq4CtQK+AsMC0ALTAuUC6ALtAAAAAAAAAgEAAAAAAAAAKAAAAAAAAAAAAAAAAAAAAu8=},
	Bdsk-Url-1 = {http://www.techfak.uni-bielefeld.de/~ipke/download/VWerkDruck.pdf}}

@inproceedings{latoschik:Designing:ICMI02,
	Abstract = {This article presents one core component for enabling multimodal-speech
	and gesture-driven interaction in and for Virtual Environments. A
	so-called temporal Augmented Transition Network (tATN) is introduced.
	It allows to integrate and evaluate information from speech, gesture,
	and a given application context using a combined syntactic/semantic
	parse approach. This tATN represents the target structure for a multimodal
	integration markup language (MIML). MIML centers around the specification
	of multimodal interactions by letting an application designer declare
	temporal and semantic relations between given input utterance percepts
	and certain application states in a declarative and portable manner.
	A subsequent parse pass translates MIML into corresponding tATNs
	which are directly loaded and executed by a simulation engines scripting
	facility.},
	Author = {Latoschik, Marc Erich},
	Booktitle = {Proceedings of the {F}ourth {IEEE} {I}nternational {C}onference on {M}ultimodal {I}nterfaces {ICMI}'02, Pittsburgh, Pennsylvania},
	Date-Modified = {2007-03-24 11:11:37 +0100},
	Optmonth = {october},
	Optnote = {ISBN 0-7695-1834-6, 14-16 october},
	Optorganization = {IEEE},
	Pages = {411-416},
	Publisher = {IEEE},
	Title = {Designing {T}ransition {N}etworks for {M}ultimodal {VR}-{I}nteractions {U}sing a {M}arkup {L}anguage},
	Url = {http://trinity.inf.uni-bayreuth.de/download/dtn_for_multimodal.pdf},
	Year = {2002},
	Bdsk-Url-1 = {http://www.techfak.uni-bielefeld.de/~marcl/publications/download/dtn_for_multimodal.pdf},
	Bdsk-Url-2 = {http://trinity.inf.uni-bayreuth.de/download/dtn_for_multimodal.pdf}}

@inproceedings{jung_etal:2002:VWerk,
	Abstract = {Das Projekt "Virtuelle Werkstatt" will Forschungsarbeiten aus den
	Bereichen Multimodale Interaktion und Virtuelles Konstruieren erweitern
	und derart zusammenf{\"u}hren, da{\ss} ihre realit{\"a}tsnahe Erprobung
	in der Virtuellen Realit{\"a}t (VR) demonstrierbar wird. Multimodale
	Interaktion betrifft die unmittelbare Umsetzung
	
	 von Benutzereingriffen in einer visualisierten 3D-Szene aufgrund
	von sprachbegleiteten Gesteneingaben. Virtuelles Konstruieren betrifft
	die Erstellung und Erprobung computergraphisch visualisierter 3D-Modelle
	geplanter mechanischer Konstruktionen (sog. virtueller Prototypen),
	um eine realistische Vorabexploration
	
	 von Entw{\"u}rfen per Simulation in der Virtuellen Realit{\"a}t zu
	erm{\"o}glichen. Der Einsatz eines Cave-artigen VR-Gro{\ss}displays
	macht hierbei gleichzeitig Benutzerinteraktionen mit sprachbegleiteten
	Gesteneingaben im Greifraum wie auch im Fernraum erforschbar.},
	Address = {Paderborn},
	Author = {Jung, Bernhard and Latoschik, Marc Erich and Biermann, Peter and Wachsmuth, Ipke},
	Booktitle = {1. Paderborner Workshop Augmented Reality / Virtual Reality in der Produktentstehung},
	Date-Modified = {2007-04-27 14:45:31 +0200},
	Pages = {185-196},
	Publisher = {HNI},
	Title = {{V}irtuelle {W}erkstatt},
	Url = {http://trinity.inf.uni-bayreuth.de/download/jlbw02.pdf},
	Year = {2002},
	Bdsk-Url-1 = {http://www.techfak.uni-bielefeld.de/~marcl/publications/download/jlbw02.pdf},
	Bdsk-Url-2 = {http://trinity.inf.uni-bayreuth.de/download/jlbw02.pdf}}

@inproceedings{sow:a_communicative_mediator01,
	Abstract = {This paper presents work on multimodal communication with an anthropomorphic
	agent. It focuses on processing of multimodal input and output employing
	natural language and gestures in virtual environments. On the input
	side, we describe our approach to recognize and interpret co-verbal
	gestures used for pointing, object manipulation, and object description.
	On the output side, we present the utterance generation module of
	the agent which is able to produce coordinated speech and gestures.},
	Author = {Sowa, T. and Kopp, S. and Latoschik, M. E.},
	Booktitle = {Proceedings of the International Workshop on Information Presentation and Natural Multimodal Dialogue},
	Date-Modified = {2007-04-27 14:38:19 +0200},
	Location = {Verona, Italy},
	Pages = {71-74},
	Title = {A Communicative Mediator in a {V}irtual {E}nvironment: Processing of Multimodal Input and Output},
	Url = {http://trinity.inf.uni-bayreuth.de/download/Verona.pdf},
	Year = {2001},
	Bdsk-Url-1 = {http://www.techfak.uni-bielefeld.de/~marcl/publications/download/Verona.pdf},
	Bdsk-Url-2 = {http://trinity.inf.uni-bayreuth.de/download/Verona.pdf}}

@inproceedings{lat:PrOSA-framework,
	Abstract = {This article presents a modular approach to incorporate multimodal
	gesture and speech driven interaction into virtual reality systems.
	Based on existing techniques for modelling VR-applications, the overall
	task is separated into different problem categories: from sensor
	synchronisation to a high-level description of crossmodal temporal
	and semantic coherences, a set of solution concepts is presented
	that seamlessly fit into both the static (scenegraph-based) representation
	and into the dynamic (renderloop and immersion) aspects of a realtime
	application. The developed framework establishes a connecting layer
	between raw sensor data and a general functional description of multimodal
	and scenecontext related evaluation procedures for VR-setups.
	
	 As an example for the concepts, their implementation in a system
	for virtual construction is described.},
	Author = {Latoschik, Marc Erich},
	Booktitle = {The Future of VR and AR Interfaces - Multimodal, Humanoid, Adaptive and Intelligent. Proceedings of the Workshop at IEEE Virtual Reality 2001},
	Date-Modified = {2007-04-27 14:38:56 +0200},
	Editor = {Broll, Wolfgang and Sch\"{a}fer, Leonie},
	Isbn = {3-88457-975-4},
	Number = {138},
	Optaddress = {Sankt Augustin},
	Optannote = {eigentlich march 14, fand in Yokohama, Japan statt},
	Optmonth = {march},
	Optpublisher = {GMD-Forschungszentrum Informationstechnik GmbH},
	Pages = {21-25},
	Series = {GMD report},
	Title = {A General Framework for Multimodal Interaction in {V}irtual {R}eality Systems: Pr{OSA}},
	Url = {http://trinity.inf.uni-bayreuth.de/download/A_General_Framework_for_Multimodal.pdf},
	Year = {2001},
	Bdsk-Url-1 = {http://trinity.inf.uni-bayreuth.de/download/A_General_Framework_for_Multimodal.pdf}}

@inproceedings{latoschik:gestureprocessing:01,
	Abstract = {This article presents a gesture detection and analysis framework for
	modelling multimodal interactions. It is particulary designed for
	its use in Virtual Reality (VR) applications and contains an abstraction
	layer for different sensor hardware. Using the framework, gestures
	are described by their characteristic spatio-temporal features which
	are on the lowest level calculated by simple predefined detector
	modules or nodes. These nodes can be connected by a data routing
	mechanism to perform more elaborate evaluation functions, therewith
	establishing complex detector nets. Typical problems that arise from
	the time-dependent invalidation of multimodal utterances under immersive
	conditions lead to the development of pre-evaluation concepts that
	as well support their integration into scene graph based systems
	to support traversal-type access. Examples of realized interactions
	illustrate applications which make use of the described concepts.},
	Author = {Latoschik, Marc Erich},
	Booktitle = {Proceedings of the 1st International Conference on Computer Graphics, Virtual Reality and Visualisation in Africa, AFRIGRAPH 2001},
	Date-Modified = {2007-04-27 14:37:13 +0200},
	Editor = {Chalmers, A. and Lalioti, V.},
	Isbn = {1-68113-446-0},
	Optaddress = {#pub-SIGGRAPH:adr#},
	Pages = {95-100},
	Publisher = pub-SIGGRAPH,
	Title = {A Gesture Processing Framework for Multimodal Interaction in {V}irtual {R}eality},
	Url = {http://trinity.inf.uni-bayreuth.de/download/A_gesture_processing_framework.pdf},
	Year = {2001},
	Bdsk-Url-1 = {http://www.techfak.uni-bielefeld.de/~marcl/publications/download/A_gesture_processing_framework.pdf},
	Bdsk-Url-2 = {http://trinity.inf.uni-bayreuth.de/download/A_gesture_processing_framework.pdf}}

@inproceedings{wachsmuth:MMIVR,
	Abstract = {Virtuelle Realit{\"a}t oder Virtual Reality (VR) bezeichnet ein neuartiges
	Kommunikationsmedium, das die
	
	 unmittelbare Wechselwirkung des Menschen mit r{\"a}umlich organisierten
	rechnergenerierten Darstellungen
	
	 erlaubt. Verbunden mit k{\"o}rperlich verankerter Interaktion finden
	insbesondere gestische Eingaben starkes
	
	 Interesse. Dieser Beitrag gibt einen {\"U}berblick {\"u}ber Forschungsarbeiten
	im Labor f{\"u}r K{\"u}nstliche Intelligenz
	
	 und Virtuelle Realit{\"a}t an der Universit{\"a}t Bielefeld, mit
	denen Grundlagen f{\"u}r den Einsatz gestischer und
	
	 sprachlicher Interaktionstechniken entwickelt werden; als Erprobungsdom{\"a}ne
	dient ein Szenario des virtuellen
	
	 Konstruierens. F{\"u}r die schnelle Erfassung komplexer Hand-Armgesten
	werden derzeit Datenhandschuhe und
	
	 K{\"o}rper-Tracker eingesetzt. Die Auswertung erfolgt mit wissensbasierten
	Ans{\"a}tzen, die atomare Formelemente
	
	 der Gestik symbolisch beschreiben und zu gr{\"o}{\ss}eren Einheiten
	zusammensetzen. Ein zweites Thema ist die
	
	 multimodale Interaktion durch sprachlich-gestische Eingaben, z.B.
	wenn auf einen Gegenstand gezeigt
	
	 ("dieses Rohr") oder eine Drehrichtung ("so herum") signalisiert
	wird. Schlie{\ss}lich wird dargestellt, wie die
	
	 Ans{\"a}tze zur Formbeschreibung von Gesten f{\"u}r die Synthese
	nat{\"u}rlich wirkender gestischer Ausgaben mit
	
	 einer artikulierten, anthropomorphen Figur {\"u}bertragen werden
	k{\"o}nnen, die in laufenden Arbeiten mit
	
	 Sprachausgaben koordiniert werden.},
	Author = {Wachsmuth, Ipke and Voss, Ian and Sowa, Timo and Latoschik, Marc Erich and Kopp, Stefan and Jung, Bernhard},
	Booktitle = {Mensch \& {C}omputer 2001},
	Date-Modified = {2007-04-26 08:55:48 +0200},
	Editor = {Oberquelle, Horst and Oppermann, Reinhard and Krause, J\"{u}rgen},
	Number = {55},
	Optaddress = {Stuttgart, Leibzig, Wiesbaden},
	Organization = {ACM, GI},
	Pages = {265-274},
	Publisher = {B.G. Teubner Stuttgart},
	Series = {Berichte des German chapter of the ACM},
	Title = {Multimodale {I}nteraktion in der {V}irtuellen {R}ealit\"{a}t},
	Url = {http://trinity.inf.uni-bayreuth.de/download/wachsmuth_mc2001.pdf},
	Year = {2001},
	Bdsk-Url-1 = {http://www.techfak.uni-bielefeld.de/~marcl/publications/download/wachsmuth_mc2001.pdf},
	Bdsk-Url-2 = {http://trinity.inf.uni-bayreuth.de/download/wachsmuth_mc2001.pdf}}

@phdthesis{latoschik:MIVR,
	Abstract = {Virtuelle Realit{\"a}t (VR) stellt durch die Abkehr von Bildschirm-
	und Desktop-zentrierten Metaphern einen Umbruch in der Multimedia-
	technik dar. Die Systemhandhabung mit herk{\"o}mmlichen Eingabe-
	ger{\"a}ten bei Erhalt der Bewegungsfreiheit und der Einbettung des
	Benutzers wird allerdings zusehends unnat{\"u}rlich und erfordert
	ein {\"U}berdenken bisheriger Bedienungskonzepte. Im vorliegenden
	Band wird ein Ansatz ausgearbeitet, der neuartige - multimodale -
	Interaktionsformen in virtuellen Umgebungen er- m{\"o}glicht. Daf{\"u}r
	werden modulare Komponenten f{\"u}r eine Gestener- kennung (PrOSA
	- Patterns on Sequences of Attributes) und f{\"u}r ihre multimodale
	Integration mit Sprache bereitgestellt (erweiterter ATN-Formalismus).
	Besonderes Augenmerk gilt der {\"U}bertragbar- keit auf heutige high-end
	VR-Systeme.},
	Author = {Latoschik, Marc Erich},
	Date-Modified = {2007-03-24 11:11:37 +0100},
	Isbn = {3-89838-251-6},
	Publisher = {infix, Berlin},
	School = {Technische Fakult\"{a}t, Universit\"{a}t Bielefeld},
	Title = {Multimodale {I}nteraktion in {V}irtueller {R}ealit\"{a}t am {B}eispiel der virtuellen {K}onstruktion},
	Url = {http://trinity.inf.uni-bayreuth.de/download/l01MMIVR.pdf},
	Year = {2001},
	Bdsk-Url-1 = {http://www.techfak.uni-bielefeld.de/~marcl/publications/download/l01MMIVR.pdf},
	Bdsk-Url-2 = {http://trinity.inf.uni-bayreuth.de/download/l01MMIVR.pdf}}

@article{jun:VirtuellesKonstruieren,
	Abstract = {Im Bielefelder Labor f{\"u}r K{\"u}nstliche Intelligenz und Virtuelle
	Realit{\"a}t liegt der Forschungsschwerpunkt auf der Integration
	von gestischer und sprachlicher Kommunikation in einem Szenario des
	Virtuellen Konstruierens. Dabei werden hochaufgel{\"o}ste r{\"a}umliche
	Visualisierungen CAD-basierter Bauteilmodelle in realistischer Gr{\"o}{\ss}e
	auf einer Gro{\ss}bildleinwand pr{\"a}sentiert und {\"u}ber Eingabeger{\"a}te
	der Virtuellen Realit{\"a}t (Datenhandschuhe, Positionssensoren,
	Spracherkennungssystem) zu komplexen Aggregaten zusammengebaut. Wissensbasierte
	Techniken kommen dabei einerseits bei der Montagesimulation mit den
	computergraphischen Bauteilmodellen und andererseits bei der Auswertung
	der sprachlich-gestischen Eingaben zum Einsatz.},
	Author = {Jung, Bernhard and Kopp, Stefan and Latoschik, Marc and Sowa, Timo and Wachsmuth, Ipke},
	Date-Modified = {2007-04-26 08:59:45 +0200},
	Journal = {K\"unstliche {I}ntelligenz},
	Optnumber = {2},
	Pages = {5-11},
	Publisher = {aren{DT}a{P} Verlag, Bremen},
	Title = {{V}irtuelles {K}onstruieren mit {G}estik und {S}prache},
	Url = {http://trinity.inf.uni-bayreuth.de/download/Virtuelles-Konstruieren-KI00.pdf},
	Volume = {2/00},
	Year = {2000},
	Bdsk-Url-1 = {http://www.techfak.uni-bielefeld.de/~marcl/publications/download/Virtuelles-Konstruieren-KI00.pdf},
	Bdsk-Url-2 = {http://trinity.inf.uni-bayreuth.de/download/Virtuelles-Konstruieren-KI00.pdf}}

@inproceedings{lat:MIS,
	Abstract = {Dieser Beitrag stellt ein System f{\"u}r die sprachlich-gestische
	Interaktion zur Steuerung eines Systems zur Virtuellen Konstruktion
	vor. Eine {\"U}bersicht {\"u}ber verschiedene Manipulationsaufgaben
	in dieser Dom{\"a}ne dient als Grundlage, um Interaktionsbeispiele
	zu erl{\"a}utern. Neben deiktischen Gesten des Benutzers werden mimetische
	Gesten, die gew{\"u}nschte Ver{\"a}nderungen "vormachen", betrachtet.
	Diese werden durch sprachliche oder gestische Trigger eingeleitet
	und bewirken eine Anpassung in den Funktionsmodi der Auswertung,
	wobei zwischen diskreten und kontinuierlichen Interaktionen unterschieden
	wird. Um kontinuierliche Modifikationen in der virtuellen Szene umzusetzen,
	werden neben dem Konzept der Manipulatoren sogenannte Aktuatoren
	als Repr{\"a}sentanten f{\"u}r Benutzermodalit{\"a}ten sowie Motion-Modifikatoren
	zur Korrektur unscharfer Sensor-Eingaben eingef{\"u}hrt.},
	Address = pub-SP:adr,
	Author = {Latoschik, Marc Erich and Jung, Bernhard and Wachsmuth, Ipke},
	Booktitle = {Proceedings der 29. Jahrestagung der Gesellschaft f\"{u}r Informatik - Informatik'99, Informatik \"{u}berwindet Grenzen},
	Date-Modified = {2007-04-26 09:01:02 +0200},
	Editor = {Beiersd\"{o}rfer, Klaus and Engels, Gregor and Sch\"{a}fer, Wilhelm},
	Optannote = {"Kurzform" des ViWi WS Beitrags},
	Pages = {88-97},
	Publisher = pub-SP,
	Title = {{M}ultimodale {I}nteraktion mit einem {S}ystem zur {V}irtuellen {K}onstruktion},
	Url = {http://trinity.inf.uni-bayreuth.de/download/mis_konstruktion.pdf},
	Year = {1999},
	Bdsk-Url-1 = {http://www.techfak.uni-bielefeld.de/~marcl/publications/download/mis_konstruktion.pdf},
	Bdsk-Url-2 = {http://trinity.inf.uni-bayreuth.de/download/mis_konstruktion.pdf}}

@inproceedings{lat:SGI,
	Address = {Schlo\ss{} Birlinghoven, St. Augustin},
	Author = {Latoschik, Marc Erich and Wachsmuth, Ipke},
	Booktitle = {Tagungsband zum Workshop des Forschungsverbundes NRW -- Die Virtuelle Wissensfabrik -- vom 23./24. September 1999},
	Date-Modified = {2007-04-26 10:48:01 +0200},
	Publisher = {GMD},
	Title = {{S}prachgest\"{u}tzte gestische {I}nteraktion zur {S}teuerung {V}irtueller {K}onstruktion},
	Year = {1999}}

@inproceedings{sow:TSI,
	Abstract = {This paper presents a technical approach for temporal symbol integration
	aimed to be generally applicable in unimodal and multimodal user
	interfaces. It draws its strength from symbolic data representation
	and an underlying rulebased system, and is embedded in a multi-agent
	system. The core method for temporal integration is motivated by
	findings from cognitive science research. We discuss its application
	for a gesture recognition task and speech-gesture integration in
	a Virtual Construction scenario. Finally an outlook of an empirical
	evaluation is given.},
	Address = pub-SP:adr,
	Author = {Sowa, Timo and Fr\"{o}hlich, Martin and Latoschik, Marc Erich},
	Booktitle = {Gesture-{B}ased {C}ommunication in {H}uman-{C}omputer {I}nteraction - Proceedings of the International Gesture Workshop (Gif-sur-Yvette, France, March 1999)},
	Date-Modified = {2007-03-24 11:11:37 +0100},
	Editor = {Braffort, Annelies and Gherbi, Rachid and Gibet, Sylvie and Richardson, James and Teil, Daniel},
	Isbn = {3-540-66035-3},
	Optcrossref = {Braffort:Workshop:99},
	Pages = {291-302},
	Publisher = pub-SP,
	Series = {Lecture Notes in Artificial Intelligence},
	Title = {Temporal Symbolic Integration Applied to a Multimodal System Using Gestures and Speech},
	Url = {http://trinity.inf.uni-bayreuth.de/download/Temporal-GW99.pdf},
	Year = {1999},
	Bdsk-Url-1 = {http://www.techfak.uni-bielefeld.de/~marcl/publications/download/Temporal-GW99.pdf},
	Bdsk-Url-2 = {http://trinity.inf.uni-bayreuth.de/download/Temporal-GW99.pdf}}

@inproceedings{lat:EDP,
	Abstract = {Developing state of the art multimedia applications nowadays calls
	for the use of sophisticated visualisation and immersion techniques,
	commonly referenced as Virtual Reality. While Virtual Reality meanwhile
	reaches good results both in image quality and in fast user feedback
	using parallel computation techniques, the methods for interacting
	with these systems need to be improved. In this paper we introduce
	a multimedia application that uses a gesture-driven interface and,
	secondly, the architecture for an expandable gesture recognition
	system. After different gesture types for interaction in a virtual
	environment are discussed with respect to a required functionality,
	the implementation of a specific gesture detection module for distant
	pointing recognition is described, and the whole system design is
	tested for its task adequacy.},
	Author = {Latoschik, Marc Erich and Wachsmuth, Ipke},
	Booktitle = {Gesture and Sign Language in Human-Computer Interaction},
	Date-Modified = {2009-10-30 14:28:59 +0900},
	Editor = {Wachsmth, Ipke and Fr\"{o}hlich, Martin},
	Isbn = {3-540-64424-5},
	Issn = {0302-9743},
	Optaddress = {#pub-SP:adr#},
	Optbooktitle = {Gesture and Sign Language in Human-Computer Interaction},
	Pages = {185-196},
	Publisher = pub-SP,
	Series = {Lecture Notes in Artificial Intelligence},
	Title = {Exploiting Distant Pointing Gestures for Object Selection in a {V}irtual {E}nvironment},
	Url = {http://trinity.inf.uni-bayreuth.de/download/exploiting_distant_pointing_gestures.pdf},
	Volume = {1371},
	Year = {1998},
	Bdsk-Url-1 = {http://www.techfak.uni-bielefeld.de/~marcl/publications/download/exploiting_distant_pointing_gestures.pdf},
	Bdsk-Url-2 = {http://trinity.inf.uni-bayreuth.de/download/exploiting_distant_pointing_gestures.pdf}}

@inproceedings{jun:KBA,
	Abstract = {The idea of Virtual Prototyping is the use of realistic digital product
	models for design and functionality analysis in early stages of the
	product development cycle. The goal of our research is to make modeling
	of virtual prototypes more intuitive and powerful by using knowledge
	enhanced Virtual Reality techniques for interactive construction
	of virtual prototypes from 3D-visualized, CAD-based parts. To this
	end, a knowledge-based approach for real-time assembly simulation
	has been developed that draws on dynamically updated representations
	of part matings and assembly structure. The approach has been implemented
	in an experimental system, the CODY Virtual Constructor, that supports
	a variety of interaction modalities, such as direct manipulation,
	natural language, and gestures.},
	Author = {Jung, Bernhard and Latoschik, Marc Erich and Wachsmuth, Ipke},
	Booktitle = {IECON'98: Proceedings of the 24th annual Conference of the IEEE Industrial Electronics Society},
	Date-Modified = {2007-03-24 11:11:37 +0100},
	Optcrossref = {IECON:98},
	Pages = {2152-2157},
	Title = {Knowledge-Based Assembly Simulation for Virtual Prototype Modeling},
	Url = {http://trinity.inf.uni-bayreuth.de/download/KBbased-assembly-IECON98.pdf},
	Volume = {4},
	Year = {1998},
	Bdsk-Url-1 = {http://www.techfak.uni-bielefeld.de/~marcl/publications/download/KBbased-assembly-IECON98.pdf},
	Bdsk-Url-2 = {http://trinity.inf.uni-bayreuth.de/download/KBbased-assembly-IECON98.pdf}}

@incollection{lat:sprachbegleitete,
	Author = {Latoschik, Marc Erich and Wachsmuth, Ipke},
	Booktitle = {Forschung an der Universit{{\"a}}t Bielefeld},
	Date-Modified = {2007-04-26 11:00:14 +0200},
	Optnumber = {17},
	Pages = {7-9},
	Publisher = {Universit\"{a}t {B}ielefeld, {I}nformations- und {P}ressestelle},
	Title = {Sprachbegleitete {K}{{\"o}}rper-{G}estik vor multimedialen {G}ro{{\ss}}displays},
	Volume = {17},
	Year = {1998}}

@inproceedings{lat:USG,
	Abstract = {Virtual environments are a new means for human-computer interaction.
	Whereas techniques for visual presentation have reached a high level
	of maturity in recent years, many of the input devices and interaction
	techniques still tend to be awkward for this new media. Where the
	borders between real and artificial environments vanish, a more natural
	way of interaction is desirable. To this end, we investigate the
	benefits of integrated speech- and gesture-based interfaces for interacting
	with virtual environments. Our research results are applied within
	a virtual construction scenario, where 3D visualized mechanical objects
	can be spatially rearranged and assembled using speech- and gesture-based
	communication.},
	Author = {Latoschik, Marc Erich and Fr\"{o}hlich, Martin and Jung, Bernhard and Wachsmuth, Ipke},
	Booktitle = {IECON'98: Proceedings of the 24th annual Conference of the IEEE Industrial Electronics Society},
	Date-Modified = {2007-04-27 14:39:39 +0200},
	Optcrossref = {IECON:98},
	Pages = {2028-2033},
	Title = {Utilize Speech and Gestures to Realize Natural Interaction in a {V}irtual {E}nvironment},
	Url = {http://trinity.inf.uni-bayreuth.de/download/usg_to_realize.pdf},
	Volume = {4},
	Year = {1998},
	Bdsk-Url-1 = {http://www.techfak.uni-bielefeld.de/~marcl/publications/download/usg_to_realize.pdf},
	Bdsk-Url-2 = {http://trinity.inf.uni-bayreuth.de/download/usg_to_realize.pdf}}

@inproceedings{wac:avirtualinterface,
	Abstract = {In the VIENA Project ("Virtual Environments and Agents") we develop
	easy-to-use virtual environments for interactive design and exploration.
	We have modeled and implemented a synthetic human-like agent, Hamilton,
	that inhabits a simulated office environment and acts as an embodied
	virtual interface agent (VIA). To explore or change the simulated
	environment, people can instruct Hamilton by way of verbal input
	and simple hand gestures. Hamilton has a variety of functionalities
	which are put in effect by its agency, a multi-agent system. In mediating
	an instruction, invisible agents track exact object locations and
	colorings, and they negotiate alternative ways of acting. Hamilton's
	agency is also able to adapt to individual users' preferences during
	run time. As the VIA is present in the synthetic scene, users can
	take advantage of its anthropomorphic features, and they can choose
	to communicate with the agent from an external or an immersed view.},
	Author = {Wachsmuth, Ipke and Lenzmann, Britta and J{{\"o}}rding, Tanja and Jung, Bernhard and Latoschik, Marc and Fr{{\"o}}hlich, Martin},
	Booktitle = {Proceedings of the First International Conference on Autonomous Agents},
	Date-Modified = {2007-04-27 14:40:24 +0200},
	Pages = {516-517},
	Title = {A {V}irtual {I}nterface {A}gent und its Agency},
	Url = {http://trinity.inf.uni-bayreuth.de/download/A_Virtual_Interface_Agent.pdf},
	Year = {1997},
	Bdsk-Url-1 = {http://www.techfak.uni-bielefeld.de/~marcl/publications/download/A_Virtual_Interface_Agent.pdf},
	Bdsk-Url-2 = {http://trinity.inf.uni-bayreuth.de/download/A_Virtual_Interface_Agent.pdf}}

@comment{BibDesk Static Groups{
<?xml version="1.0" encoding="UTF-8"?>
<!DOCTYPE plist PUBLIC "-//Apple//DTD PLIST 1.0//EN" "http://www.apple.com/DTDs/PropertyList-1.0.dtd">
<plist version="1.0">
<array>
	<dict>
		<key>group name</key>
		<string>books, collections</string>
		<key>keys</key>
		<string>latoschik:MIVR,slater-etal:presence-searis:2010,searis:2009,searis:2008,latoschik:ARVR:2007,gerndt:ARVR:2009,searis:2010</string>
	</dict>
	<dict>
		<key>group name</key>
		<string>CG classics</string>
		<key>keys</key>
		<string></string>
	</dict>
	<dict>
		<key>group name</key>
		<string>IEEE VR 2011 reviews</string>
		<key>keys</key>
		<string></string>
	</dict>
	<dict>
		<key>group name</key>
		<string>journals</string>
		<key>keys</key>
		<string>latoschik:2003:mmivr,Pfeiffer:2009ab,jun:VirtuellesKonstruieren,latoschik:2007:laserpointer,latoschik:2006:scenesync</string>
	</dict>
	<dict>
		<key>group name</key>
		<string>peer reviewed</string>
		<key>keys</key>
		<string>rabe:2007:low-cost,lat:PrOSA-framework,lukas:2010,Feldmann:2008aa,wiebusch:2010,froelichetal:vwerk:2009,latoschik:Designing:ICMI02,jung_etal:2002:VWerk,Rehfeld:2010,wac:avirtualinterface,latoschik:2007:intelligentVR,Pfeiffer:2008aa,heumeretal:automaticdataexchange:VR2005,latoschik:2005:semantics_rep,biermann:2007:Semantic,latoschik:Incorporating:CGIM03,lat:EDP,biermann_etal:2002:VWerk,Peuser:2008aa,Bruning:2008aa,latoschik:gestureprocessing:01,latoschik:UIF:2005,sow:TSI,lat:USG,wachsmuth:MMIVR,pfeiffer:2007:InteractiveSDs,latoschik:2010,Frohlich:2008aa,latoschik:2007:knowledge_based,pfeiffer_latoschik:Resolving:VR2004,sow:a_communicative_mediator01,Latoschik:2008aa,latoschik-blach:semanic-modelling:2008,latoschik:2007:semantic_reflection,lat:MIS,latoschik:2005:knowledge_in_loop,bomberg:2006:monoscopic,lat:SGI,hammerl:2007:WiiNC,rehfeld-latoschik:parallelisierung:2009,donner:2007:tiefenbestimmung,pfeiffer_etal:Resolution:EuroCogSci03,pfeiffer:2007:ISD1,froelichetal:iconic:2009,jun:KBA</string>
	</dict>
	<dict>
		<key>group name</key>
		<string>sive-leat</string>
		<key>keys</key>
		<string>fischbach:2011,latoschik:Designing:ICMI02,sow:a_communicative_mediator01,latoschik:gestureprocessing:01,lukas:2010,latoschik:UIF:2005</string>
	</dict>
	<dict>
		<key>group name</key>
		<string>sonst</string>
		<key>keys</key>
		<string>lat:sprachbegleitete</string>
	</dict>
	<dict>
		<key>group name</key>
		<string>VR/AR/MR System Papers</string>
		<key>keys</key>
		<string>Mannus:2008aa,slater-etal:presence-searis:2010,searis:2009,latoschik:2008to,latoschik:2007:knowledge_based,searis:2008,latoschik:2010,Steed:2008aa,Matthias-Bues:2008aa</string>
	</dict>
</array>
</plist>
}}

@comment{BibDesk Smart Groups{
<?xml version="1.0" encoding="UTF-8"?>
<!DOCTYPE plist PUBLIC "-//Apple//DTD PLIST 1.0//EN" "http://www.apple.com/DTDs/PropertyList-1.0.dtd">
<plist version="1.0">
<array>
	<dict>
		<key>conditions</key>
		<array>
			<dict>
				<key>comparison</key>
				<integer>2</integer>
				<key>key</key>
				<string>Author</string>
				<key>value</key>
				<string>Latoschik</string>
				<key>version</key>
				<string>1</string>
			</dict>
			<dict>
				<key>comparison</key>
				<integer>5</integer>
				<key>key</key>
				<string>BibTeX Type</string>
				<key>value</key>
				<string>inproceedings</string>
				<key>version</key>
				<string>1</string>
			</dict>
			<dict>
				<key>comparison</key>
				<integer>5</integer>
				<key>key</key>
				<string>BibTeX Type</string>
				<key>value</key>
				<string>article</string>
				<key>version</key>
				<string>1</string>
			</dict>
			<dict>
				<key>comparison</key>
				<integer>5</integer>
				<key>key</key>
				<string>BibTeX Type</string>
				<key>value</key>
				<string>phdthesis</string>
				<key>version</key>
				<string>1</string>
			</dict>
		</array>
		<key>conjunction</key>
		<integer>0</integer>
		<key>group name</key>
		<string>Latoschik sonst</string>
	</dict>
	<dict>
		<key>conditions</key>
		<array>
			<dict>
				<key>comparison</key>
				<integer>2</integer>
				<key>key</key>
				<string>Author</string>
				<key>value</key>
				<string>Latoschik</string>
				<key>version</key>
				<string>1</string>
			</dict>
		</array>
		<key>conjunction</key>
		<integer>0</integer>
		<key>group name</key>
		<string>Marc author</string>
	</dict>
	<dict>
		<key>conditions</key>
		<array>
			<dict>
				<key>comparison</key>
				<integer>2</integer>
				<key>key</key>
				<string>Editor</string>
				<key>value</key>
				<string>latoschik</string>
				<key>version</key>
				<string>1</string>
			</dict>
			<dict>
				<key>comparison</key>
				<integer>4</integer>
				<key>key</key>
				<string>Author</string>
				<key>value</key>
				<string></string>
				<key>version</key>
				<string>1</string>
			</dict>
			<dict>
				<key>comparison</key>
				<integer>3</integer>
				<key>key</key>
				<string>Year</string>
				<key>value</key>
				<string>-</string>
				<key>version</key>
				<string>1</string>
			</dict>
		</array>
		<key>conjunction</key>
		<integer>0</integer>
		<key>group name</key>
		<string>Marc editor</string>
	</dict>
	<dict>
		<key>conditions</key>
		<array>
			<dict>
				<key>comparison</key>
				<integer>2</integer>
				<key>key</key>
				<string>Author</string>
				<key>value</key>
				<string>Latoschik</string>
				<key>version</key>
				<string>1</string>
			</dict>
			<dict>
				<key>comparison</key>
				<integer>4</integer>
				<key>key</key>
				<string>BibTeX Type</string>
				<key>value</key>
				<string>article</string>
				<key>version</key>
				<string>1</string>
			</dict>
		</array>
		<key>conjunction</key>
		<integer>0</integer>
		<key>group name</key>
		<string>Marc Journals</string>
	</dict>
	<dict>
		<key>conditions</key>
		<array>
			<dict>
				<key>comparison</key>
				<integer>2</integer>
				<key>key</key>
				<string>Author</string>
				<key>value</key>
				<string>Latoschik</string>
				<key>version</key>
				<string>1</string>
			</dict>
			<dict>
				<key>comparison</key>
				<integer>2</integer>
				<key>key</key>
				<string>BibTeX Type</string>
				<key>value</key>
				<string>phdthesis</string>
				<key>version</key>
				<string>1</string>
			</dict>
		</array>
		<key>conjunction</key>
		<integer>0</integer>
		<key>group name</key>
		<string>Marc PhD</string>
	</dict>
	<dict>
		<key>conditions</key>
		<array>
			<dict>
				<key>comparison</key>
				<integer>2</integer>
				<key>key</key>
				<string>Author</string>
				<key>value</key>
				<string>Latoschik</string>
				<key>version</key>
				<string>1</string>
			</dict>
			<dict>
				<key>comparison</key>
				<integer>4</integer>
				<key>key</key>
				<string>BibTeX Type</string>
				<key>value</key>
				<string>inproceedings</string>
				<key>version</key>
				<string>1</string>
			</dict>
		</array>
		<key>conjunction</key>
		<integer>0</integer>
		<key>group name</key>
		<string>Marc proceedings</string>
	</dict>
</array>
</plist>
}}
