@article{einstein1905molekularkinetischen,
  title={{\"U}ber die von der molekularkinetischen Theorie der W{\"a}rme geforderte Bewegung von in ruhenden Fl{\"u}ssigkeiten suspendierten Teilchen},
  author={Einstein, Albert},
  journal={Annalen der physik},
  volume={322},
  number={8},
  pages={549--560},
  year={1905},
  publisher={Wiley Online Library}
}

@book{freud1955standard,
  title={Standard edition of the complete psychological works of Sigmund Freud, volume X (1909): Two case histories (‘Little Hans’ and the ‘Rat Man’)},
  author={Freud, Sigmund and Strachey, Alix and Tyson, Alan},
  year={1955},
  publisher={London: Hogarth Press}
}
